{
    "symbol": "ADBE",
    "annualReports": [
        {
            "fiscalDateEnding": "2019-11-30",
            "reportedCurrency": "USD",
            "totalRevenue": "11171297000",
            "totalOperatingExpense": "6230456000",
            "costOfRevenue": "1672720000",
            "grossProfit": "9498577000",
            "ebit": "3361955000",
            "netIncome": "2951458000",
            "researchAndDevelopment": "1930228000",
            "effectOfAccountingCharges": "None",
            "incomeBeforeTax": "3204741000",
            "minorityInterest": "None",
            "sellingGeneralAdministrative": "4124984000",
            "otherNonOperatingIncome": "93834000",
            "operatingIncome": "3268121000",
            "otherOperatingExpense": "175244000",
            "interestExpense": "157214000",
            "taxProvision": "253283000",
            "interestIncome": "68321000",
            "netInterestIncome": "-88893000",
            "extraordinaryItems": "-2955000",
            "nonRecurring": "None",
            "otherItems": "None",
            "incomeTaxExpense": "253283000",
            "totalOtherIncomeExpense": "25513000",
            "discontinuedOperations": "None",
            "netIncomeFromContinuingOperations": "2951458000",
            "netIncomeApplicableToCommonShares": "2951458000",
            "preferredStockAndOtherAdjustments": "None"
        },
        {
            "fiscalDateEnding": "2018-11-30",
            "reportedCurrency": "USD",
            "totalRevenue": "9030008000",
            "totalOperatingExpense": "4994640000",
            "costOfRevenue": "1194999000",
            "grossProfit": "7835009000",
            "ebit": "2883118000",
            "netIncome": "2590774000",
            "researchAndDevelopment": "1537812000",
            "effectOfAccountingCharges": "None",
            "incomeBeforeTax": "2793876000",
            "minorityInterest": "None",
            "sellingGeneralAdministrative": "3365727000",
            "otherNonOperatingIncome": "42749000",
            "operatingIncome": "2840369000",
            "otherOperatingExpense": "91101000",
            "interestExpense": "89242000",
            "taxProvision": "203102000",
            "interestIncome": "92540000",
            "netInterestIncome": "3298000",
            "extraordinaryItems": "-186000000",
            "nonRecurring": "None",
            "otherItems": "None",
            "incomeTaxExpense": "203102000",
            "totalOtherIncomeExpense": "-49791000",
            "discontinuedOperations": "None",
            "netIncomeFromContinuingOperations": "2590774000",
            "netIncomeApplicableToCommonShares": "2590774000",
            "preferredStockAndOtherAdjustments": "None"
        },
        {
            "fiscalDateEnding": "2017-11-30",
            "reportedCurrency": "USD",
            "totalRevenue": "7301505000",
            "totalOperatingExpense": "4122919000",
            "costOfRevenue": "1010491000",
            "grossProfit": "6291014000",
            "ebit": "2212043000",
            "netIncome": "1693954000",
            "researchAndDevelopment": "1224059000",
            "effectOfAccountingCharges": "None",
            "incomeBeforeTax": "2137641000",
            "minorityInterest": "None",
            "sellingGeneralAdministrative": "2822298000",
            "otherNonOperatingIncome": "43948000",
            "operatingIncome": "2168095000",
            "otherOperatingExpense": "76562000",
            "interestExpense": "74402000",
            "taxProvision": "443687000",
            "interestIncome": "66069000",
            "netInterestIncome": "-8333000",
            "extraordinaryItems": "None",
            "nonRecurring": "None",
            "otherItems": "None",
            "incomeTaxExpense": "443687000",
            "totalOtherIncomeExpense": "-22121000",
            "discontinuedOperations": "None",
            "netIncomeFromContinuingOperations": "1693954000",
            "netIncomeApplicableToCommonShares": "1693954000",
            "preferredStockAndOtherAdjustments": "None"
        },
        {
            "fiscalDateEnding": "2016-11-30",
            "reportedCurrency": "USD",
            "totalRevenue": "5854430000",
            "totalOperatingExpense": "3540920000",
            "costOfRevenue": "819908000",
            "grossProfit": "5034522000",
            "ebit": "1505580000",
            "netIncome": "1168782000",
            "researchAndDevelopment": "975987000",
            "effectOfAccountingCharges": "None",
            "incomeBeforeTax": "1435138000",
            "minorityInterest": "None",
            "sellingGeneralAdministrative": "2487907000",
            "otherNonOperatingIncome": "11978000",
            "operatingIncome": "1493602000",
            "otherOperatingExpense": "78534000",
            "interestExpense": "70442000",
            "taxProvision": "266356000",
            "interestIncome": "47340000",
            "netInterestIncome": "-23102000",
            "extraordinaryItems": "None",
            "nonRecurring": "-1508000",
            "otherItems": "None",
            "incomeTaxExpense": "266356000",
            "totalOtherIncomeExpense": "-33854000",
            "discontinuedOperations": "None",
            "netIncomeFromContinuingOperations": "1168782000",
            "netIncomeApplicableToCommonShares": "1168782000",
            "preferredStockAndOtherAdjustments": "None"
        },
        {
            "fiscalDateEnding": "2015-11-30",
            "reportedCurrency": "USD",
            "totalRevenue": "4795511000",
            "totalOperatingExpense": "3148099000",
            "costOfRevenue": "744317000",
            "grossProfit": "4051194000",
            "ebit": "937965000",
            "netIncome": "629551000",
            "researchAndDevelopment": "862730000",
            "effectOfAccountingCharges": "None",
            "incomeBeforeTax": "873781000",
            "minorityInterest": "None",
            "sellingGeneralAdministrative": "2215161000",
            "otherNonOperatingIncome": "34870000",
            "operatingIncome": "903095000",
            "otherOperatingExpense": "68649000",
            "interestExpense": "64184000",
            "taxProvision": "244230000",
            "interestIncome": "None",
            "netInterestIncome": "None",
            "extraordinaryItems": "None",
            "nonRecurring": "1559000",
            "otherItems": "None",
            "incomeTaxExpense": "244230000",
            "totalOtherIncomeExpense": "-29314000",
            "discontinuedOperations": "None",
            "netIncomeFromContinuingOperations": "629551000",
            "netIncomeApplicableToCommonShares": "629551000",
            "preferredStockAndOtherAdjustments": "None"
        }
    ],
    "quarterlyReports": [
        {
            "fiscalDateEnding": "2020-08-31",
            "reportedCurrency": "USD",
            "totalRevenue": "3225000000",
            "totalOperatingExpense": "2156000000",
            "costOfRevenue": "427000000",
            "grossProfit": "2798000000",
            "ebit": "1279000000",
            "netIncome": "955000000",
            "researchAndDevelopment": "566000000",
            "effectOfAccountingCharges": "None",
            "incomeBeforeTax": "1060000000",
            "minorityInterest": "None",
            "sellingGeneralAdministrative": "1122000000",
            "otherNonOperatingIncome": "None",
            "operatingIncome": "1069000000",
            "otherOperatingExpense": "None",
            "interestExpense": "28000000",
            "taxProvision": "105000000",
            "interestIncome": "7000000",
            "netInterestIncome": "-21000000",
            "extraordinaryItems": "None",
            "nonRecurring": "None",
            "otherItems": "None",
            "incomeTaxExpense": "105000000",
            "totalOtherIncomeExpense": "12000000",
            "discontinuedOperations": "None",
            "netIncomeFromContinuingOperations": "955000000",
            "netIncomeApplicableToCommonShares": "955000000",
            "preferredStockAndOtherAdjustments": "None"
        },
        {
            "fiscalDateEnding": "2020-05-31",
            "reportedCurrency": "USD",
            "totalRevenue": "3128000000",
            "totalOperatingExpense": "2112000000",
            "costOfRevenue": "415000000",
            "grossProfit": "2713000000",
            "ebit": "1216000000",
            "netIncome": "1100000000",
            "researchAndDevelopment": "532000000",
            "effectOfAccountingCharges": "None",
            "incomeBeforeTax": "1000000000",
            "minorityInterest": "None",
            "sellingGeneralAdministrative": "1125000000",
            "otherNonOperatingIncome": "12000000",
            "operatingIncome": "1016000000",
            "otherOperatingExpense": "40000000",
            "interestExpense": "28000000",
            "taxProvision": "-100000000",
            "interestIncome": "11000000",
            "netInterestIncome": "-17000000",
            "extraordinaryItems": "None",
            "nonRecurring": "None",
            "otherItems": "None",
            "incomeTaxExpense": "-100000000",
            "totalOtherIncomeExpense": "1000000",
            "discontinuedOperations": "None",
            "netIncomeFromContinuingOperations": "1100000000",
            "netIncomeApplicableToCommonShares": "1100000000",
            "preferredStockAndOtherAdjustments": "None"
        },
        {
            "fiscalDateEnding": "2020-02-29",
            "reportedCurrency": "USD",
            "totalRevenue": "3091000000",
            "totalOperatingExpense": "2154000000",
            "costOfRevenue": "452000000",
            "grossProfit": "2639000000",
            "ebit": "1140000000",
            "netIncome": "955000000",
            "researchAndDevelopment": "532000000",
            "effectOfAccountingCharges": "None",
            "incomeBeforeTax": "919000000",
            "minorityInterest": "None",
            "sellingGeneralAdministrative": "1128000000",
            "otherNonOperatingIncome": "15000000",
            "operatingIncome": "937000000",
            "otherOperatingExpense": "42000000",
            "interestExpense": "33000000",
            "taxProvision": "-36000000",
            "interestIncome": "19000000",
            "netInterestIncome": "-14000000",
            "extraordinaryItems": "None",
            "nonRecurring": "None",
            "otherItems": "None",
            "incomeTaxExpense": "-36000000",
            "totalOtherIncomeExpense": "-4000000",
            "discontinuedOperations": "None",
            "netIncomeFromContinuingOperations": "955000000",
            "netIncomeApplicableToCommonShares": "955000000",
            "preferredStockAndOtherAdjustments": "None"
        },
        {
            "fiscalDateEnding": "2019-11-30",
            "reportedCurrency": "USD",
            "totalRevenue": "2991945000",
            "totalOperatingExpense": "2022013000",
            "costOfRevenue": "451983000",
            "grossProfit": "2539962000",
            "ebit": "1289274000",
            "netIncome": "851861000",
            "researchAndDevelopment": "499806000",
            "effectOfAccountingCharges": "None",
            "incomeBeforeTax": "957147000",
            "minorityInterest": "None",
            "sellingGeneralAdministrative": "1027526000",
            "otherNonOperatingIncome": "23730000",
            "operatingIncome": "969932000",
            "otherOperatingExpense": "42698000",
            "interestExpense": "36515000",
            "taxProvision": "105286000",
            "interestIncome": "18212000",
            "netInterestIncome": "-18303000",
            "extraordinaryItems": "-2955000",
            "nonRecurring": "None",
            "otherItems": "None",
            "incomeTaxExpense": "105286000",
            "totalOtherIncomeExpense": "5518000",
            "discontinuedOperations": "None",
            "netIncomeFromContinuingOperations": "851861000",
            "netIncomeApplicableToCommonShares": "851861000",
            "preferredStockAndOtherAdjustments": "None"
        },
        {
            "fiscalDateEnding": "2019-08-31",
            "reportedCurrency": "USD",
            "totalRevenue": "2834126000",
            "totalOperatingExpense": "1980314000",
            "costOfRevenue": "415963000",
            "grossProfit": "2418163000",
            "ebit": "1024566000",
            "netIncome": "792763000",
            "researchAndDevelopment": "489827000",
            "effectOfAccountingCharges": "None",
            "incomeBeforeTax": "834488000",
            "minorityInterest": "None",
            "sellingGeneralAdministrative": "1031570000",
            "otherNonOperatingIncome": "20205000",
            "operatingIncome": "853812000",
            "otherOperatingExpense": "42954000",
            "interestExpense": "39529000",
            "taxProvision": "41725000",
            "interestIncome": "17760000",
            "netInterestIncome": "-21769000",
            "extraordinaryItems": "None",
            "nonRecurring": "None",
            "otherItems": "None",
            "incomeTaxExpense": "41725000",
            "totalOtherIncomeExpense": "2445000",
            "discontinuedOperations": "None",
            "netIncomeFromContinuingOperations": "792763000",
            "netIncomeApplicableToCommonShares": "792763000",
            "preferredStockAndOtherAdjustments": "None"
        },
        {
            "fiscalDateEnding": "2019-05-31",
            "reportedCurrency": "USD",
            "totalRevenue": "2744280000",
            "totalOperatingExpense": "1587245000",
            "costOfRevenue": "407488000",
            "grossProfit": "2336792000",
            "ebit": "751349000",
            "netIncome": "632593000",
            "researchAndDevelopment": "475958000",
            "effectOfAccountingCharges": "None",
            "incomeBeforeTax": "710772000",
            "minorityInterest": "None",
            "sellingGeneralAdministrative": "1068261000",
            "otherNonOperatingIncome": "1802000",
            "operatingIncome": "749547000",
            "otherOperatingExpense": "43026000",
            "interestExpense": "40577000",
            "taxProvision": "78179000",
            "interestIncome": "16278000",
            "netInterestIncome": "-24299000",
            "extraordinaryItems": "None",
            "nonRecurring": "None",
            "otherItems": "None",
            "incomeTaxExpense": "78179000",
            "totalOtherIncomeExpense": "-14476000",
            "discontinuedOperations": "None",
            "netIncomeFromContinuingOperations": "632593000",
            "netIncomeApplicableToCommonShares": "632593000",
            "preferredStockAndOtherAdjustments": "None"
        },
        {
            "fiscalDateEnding": "2019-02-28",
            "reportedCurrency": "USD",
            "totalRevenue": "2600946000",
            "totalOperatingExpense": "1508830000",
            "costOfRevenue": "397286000",
            "grossProfit": "2203660000",
            "ebit": "742927000",
            "netIncome": "674241000",
            "researchAndDevelopment": "464637000",
            "effectOfAccountingCharges": "None",
            "incomeBeforeTax": "702334000",
            "minorityInterest": "None",
            "sellingGeneralAdministrative": "997627000",
            "otherNonOperatingIncome": "48097000",
            "operatingIncome": "694830000",
            "otherOperatingExpense": "46566000",
            "interestExpense": "40593000",
            "taxProvision": "28093000",
            "interestIncome": "16071000",
            "netInterestIncome": "-24522000",
            "extraordinaryItems": "None",
            "nonRecurring": "None",
            "otherItems": "None",
            "incomeTaxExpense": "28093000",
            "totalOtherIncomeExpense": "32026000",
            "discontinuedOperations": "None",
            "netIncomeFromContinuingOperations": "674241000",
            "netIncomeApplicableToCommonShares": "674241000",
            "preferredStockAndOtherAdjustments": "None"
        },
        {
            "fiscalDateEnding": "2018-11-30",
            "reportedCurrency": "USD",
            "totalRevenue": "2464625000",
            "totalOperatingExpense": "1384818000",
            "costOfRevenue": "359261000",
            "grossProfit": "2105364000",
            "ebit": "727090000",
            "netIncome": "678240000",
            "researchAndDevelopment": "415958000",
            "effectOfAccountingCharges": "0",
            "incomeBeforeTax": "699217000",
            "minorityInterest": "0",
            "sellingGeneralAdministrative": "935928000",
            "otherNonOperatingIncome": "6544000",
            "operatingIncome": "720546000",
            "otherOperatingExpense": "32932000",
            "interestExpense": "27873000",
            "taxProvision": "None",
            "interestIncome": "None",
            "netInterestIncome": "None",
            "extraordinaryItems": "0",
            "nonRecurring": "0",
            "otherItems": "0",
            "incomeTaxExpense": "20977000",
            "totalOtherIncomeExpense": "-21329000",
            "discontinuedOperations": "0",
            "netIncomeFromContinuingOperations": "678240000",
            "netIncomeApplicableToCommonShares": "678240000",
            "preferredStockAndOtherAdjustments": "None"
        },
        {
            "fiscalDateEnding": "2018-08-31",
            "reportedCurrency": "USD",
            "totalRevenue": "2291076000",
            "totalOperatingExpense": "1276978000",
            "costOfRevenue": "295492000",
            "grossProfit": "1995584000",
            "ebit": "722465000",
            "netIncome": "666291000",
            "researchAndDevelopment": "398957000",
            "effectOfAccountingCharges": "0",
            "incomeBeforeTax": "701358000",
            "minorityInterest": "0",
            "sellingGeneralAdministrative": "854147000",
            "otherNonOperatingIncome": "3859000",
            "operatingIncome": "718606000",
            "otherOperatingExpense": "23874000",
            "interestExpense": "21107000",
            "taxProvision": "None",
            "interestIncome": "None",
            "netInterestIncome": "None",
            "extraordinaryItems": "0",
            "nonRecurring": "0",
            "otherItems": "0",
            "incomeTaxExpense": "35067000",
            "totalOtherIncomeExpense": "-17248000",
            "discontinuedOperations": "0",
            "netIncomeFromContinuingOperations": "666291000",
            "netIncomeApplicableToCommonShares": "666291000",
            "preferredStockAndOtherAdjustments": "None"
        },
        {
            "fiscalDateEnding": "2018-05-31",
            "reportedCurrency": "USD",
            "totalRevenue": "2195360000",
            "totalOperatingExpense": "1215532000",
            "costOfRevenue": "281344000",
            "grossProfit": "1914016000",
            "ebit": "711162000",
            "netIncome": "663167000",
            "researchAndDevelopment": "374128000",
            "effectOfAccountingCharges": "0",
            "incomeBeforeTax": "690799000",
            "minorityInterest": "0",
            "sellingGeneralAdministrative": "824255000",
            "otherNonOperatingIncome": "12678000",
            "operatingIncome": "698484000",
            "otherOperatingExpense": "17149000",
            "interestExpense": "20363000",
            "taxProvision": "None",
            "interestIncome": "None",
            "netInterestIncome": "None",
            "extraordinaryItems": "0",
            "nonRecurring": "0",
            "otherItems": "0",
            "incomeTaxExpense": "27632000",
            "totalOtherIncomeExpense": "-7685000",
            "discontinuedOperations": "0",
            "netIncomeFromContinuingOperations": "663167000",
            "netIncomeApplicableToCommonShares": "663167000",
            "preferredStockAndOtherAdjustments": "None"
        },
        {
            "fiscalDateEnding": "2018-02-28",
            "reportedCurrency": "USD",
            "totalRevenue": "2078947000",
            "totalOperatingExpense": "1117312000",
            "costOfRevenue": "258902000",
            "grossProfit": "1820045000",
            "ebit": "722401000",
            "netIncome": "583076000",
            "researchAndDevelopment": "348769000",
            "effectOfAccountingCharges": "0",
            "incomeBeforeTax": "702502000",
            "minorityInterest": "0",
            "sellingGeneralAdministrative": "751397000",
            "otherNonOperatingIncome": "19668000",
            "operatingIncome": "702733000",
            "otherOperatingExpense": "17146000",
            "interestExpense": "19899000",
            "taxProvision": "None",
            "interestIncome": "None",
            "netInterestIncome": "None",
            "extraordinaryItems": "0",
            "nonRecurring": "0",
            "otherItems": "0",
            "incomeTaxExpense": "119426000",
            "totalOtherIncomeExpense": "-231000",
            "discontinuedOperations": "0",
            "netIncomeFromContinuingOperations": "583076000",
            "netIncomeApplicableToCommonShares": "583076000",
            "preferredStockAndOtherAdjustments": "None"
        },
        {
            "fiscalDateEnding": "2017-11-30",
            "reportedCurrency": "USD",
            "totalRevenue": "2006595000",
            "totalOperatingExpense": "1086383000",
            "costOfRevenue": "270872000",
            "grossProfit": "1735723000",
            "ebit": "662128000",
            "netIncome": "501549000",
            "researchAndDevelopment": "324026000",
            "effectOfAccountingCharges": "0",
            "incomeBeforeTax": "643012000",
            "minorityInterest": "0",
            "sellingGeneralAdministrative": "743671000",
            "otherNonOperatingIncome": "12788000",
            "operatingIncome": "649340000",
            "otherOperatingExpense": "18686000",
            "interestExpense": "19116000",
            "taxProvision": "None",
            "interestIncome": "None",
            "netInterestIncome": "None",
            "extraordinaryItems": "0",
            "nonRecurring": "0",
            "otherItems": "0",
            "incomeTaxExpense": "141463000",
            "totalOtherIncomeExpense": "-26159000",
            "discontinuedOperations": "0",
            "netIncomeFromContinuingOperations": "501549000",
            "netIncomeApplicableToCommonShares": "501549000",
            "preferredStockAndOtherAdjustments": "None"
        },
        {
            "fiscalDateEnding": "2017-08-31",
            "reportedCurrency": "USD",
            "totalRevenue": "1841074000",
            "totalOperatingExpense": "1032478000",
            "costOfRevenue": "262922000",
            "grossProfit": "1578152000",
            "ebit": "560188000",
            "netIncome": "419569000",
            "researchAndDevelopment": "315555000",
            "effectOfAccountingCharges": "0",
            "incomeBeforeTax": "541379000",
            "minorityInterest": "0",
            "sellingGeneralAdministrative": "697495000",
            "otherNonOperatingIncome": "14514000",
            "operatingIncome": "545674000",
            "otherOperatingExpense": "19428000",
            "interestExpense": "18809000",
            "taxProvision": "None",
            "interestIncome": "None",
            "netInterestIncome": "None",
            "extraordinaryItems": "0",
            "nonRecurring": "0",
            "otherItems": "0",
            "incomeTaxExpense": "121810000",
            "totalOtherIncomeExpense": "7169000",
            "discontinuedOperations": "0",
            "netIncomeFromContinuingOperations": "419569000",
            "netIncomeApplicableToCommonShares": "419569000",
            "preferredStockAndOtherAdjustments": "None"
        },
        {
            "fiscalDateEnding": "2017-05-31",
            "reportedCurrency": "USD",
            "totalRevenue": "1772190000",
            "totalOperatingExpense": "1028748000",
            "costOfRevenue": "239360000",
            "grossProfit": "1532830000",
            "ebit": "510965000",
            "netIncome": "374390000",
            "researchAndDevelopment": "299401000",
            "effectOfAccountingCharges": "0",
            "incomeBeforeTax": "492618000",
            "minorityInterest": "0",
            "sellingGeneralAdministrative": "710027000",
            "otherNonOperatingIncome": "6883000",
            "operatingIncome": "504082000",
            "otherOperatingExpense": "19320000",
            "interestExpense": "18347000",
            "taxProvision": "None",
            "interestIncome": "None",
            "netInterestIncome": "None",
            "extraordinaryItems": "0",
            "nonRecurring": "0",
            "otherItems": "0",
            "incomeTaxExpense": "118228000",
            "totalOtherIncomeExpense": "-3097000",
            "discontinuedOperations": "0",
            "netIncomeFromContinuingOperations": "374390000",
            "netIncomeApplicableToCommonShares": "374390000",
            "preferredStockAndOtherAdjustments": "None"
        },
        {
            "fiscalDateEnding": "2017-02-28",
            "reportedCurrency": "USD",
            "totalRevenue": "1681646000",
            "totalOperatingExpense": "975310000",
            "costOfRevenue": "237337000",
            "grossProfit": "1444309000",
            "ebit": "478762000",
            "netIncome": "398446000",
            "researchAndDevelopment": "285077000",
            "effectOfAccountingCharges": "0",
            "incomeBeforeTax": "460632000",
            "minorityInterest": "0",
            "sellingGeneralAdministrative": "671105000",
            "otherNonOperatingIncome": "9763000",
            "operatingIncome": "468999000",
            "otherOperatingExpense": "19128000",
            "interestExpense": "18130000",
            "taxProvision": "None",
            "interestIncome": "None",
            "netInterestIncome": "None",
            "extraordinaryItems": "0",
            "nonRecurring": "0",
            "otherItems": "0",
            "incomeTaxExpense": "62186000",
            "totalOtherIncomeExpense": "-8367000",
            "discontinuedOperations": "0",
            "netIncomeFromContinuingOperations": "398446000",
            "netIncomeApplicableToCommonShares": "398446000",
            "preferredStockAndOtherAdjustments": "None"
        },
        {
            "fiscalDateEnding": "2016-11-30",
            "reportedCurrency": "USD",
            "totalRevenue": "1608419000",
            "totalOperatingExpense": "919583000",
            "costOfRevenue": "216556000",
            "grossProfit": "1391863000",
            "ebit": "474218000",
            "netIncome": "399613000",
            "researchAndDevelopment": "257849000",
            "effectOfAccountingCharges": "0",
            "incomeBeforeTax": "456700000",
            "minorityInterest": "0",
            "sellingGeneralAdministrative": "643519000",
            "otherNonOperatingIncome": "1938000",
            "operatingIncome": "472280000",
            "otherOperatingExpense": "18500000",
            "interestExpense": "17518000",
            "taxProvision": "None",
            "interestIncome": "None",
            "netInterestIncome": "None",
            "extraordinaryItems": "0",
            "nonRecurring": "-285000",
            "otherItems": "0",
            "incomeTaxExpense": "57087000",
            "totalOtherIncomeExpense": "-29989000",
            "discontinuedOperations": "0",
            "netIncomeFromContinuingOperations": "399613000",
            "netIncomeApplicableToCommonShares": "399613000",
            "preferredStockAndOtherAdjustments": "None"
        },
        {
            "fiscalDateEnding": "2016-08-31",
            "reportedCurrency": "USD",
            "totalRevenue": "1463967000",
            "totalOperatingExpense": "891941000",
            "costOfRevenue": "202701000",
            "grossProfit": "1261266000",
            "ebit": "373582000",
            "netIncome": "270788000",
            "researchAndDevelopment": "248450000",
            "effectOfAccountingCharges": "0",
            "incomeBeforeTax": "356301000",
            "minorityInterest": "0",
            "sellingGeneralAdministrative": "621177000",
            "otherNonOperatingIncome": "4257000",
            "operatingIncome": "369325000",
            "otherOperatingExpense": "22652000",
            "interestExpense": "17281000",
            "taxProvision": "None",
            "interestIncome": "None",
            "netInterestIncome": "None",
            "extraordinaryItems": "0",
            "nonRecurring": "-338000",
            "otherItems": "0",
            "incomeTaxExpense": "85513000",
            "totalOtherIncomeExpense": "-29517000",
            "discontinuedOperations": "0",
            "netIncomeFromContinuingOperations": "270788000",
            "netIncomeApplicableToCommonShares": "270788000",
            "preferredStockAndOtherAdjustments": "None"
        },
        {
            "fiscalDateEnding": "2016-05-31",
            "reportedCurrency": "USD",
            "totalRevenue": "1398709000",
            "totalOperatingExpense": "852391000",
            "costOfRevenue": "202079000",
            "grossProfit": "1196630000",
            "ebit": "347004000",
            "netIncome": "244074000",
            "researchAndDevelopment": "232484000",
            "effectOfAccountingCharges": "0",
            "incomeBeforeTax": "329830000",
            "minorityInterest": "0",
            "sellingGeneralAdministrative": "601385000",
            "otherNonOperatingIncome": "2765000",
            "operatingIncome": "344239000",
            "otherOperatingExpense": "18988000",
            "interestExpense": "17174000",
            "taxProvision": "None",
            "interestIncome": "None",
            "netInterestIncome": "None",
            "extraordinaryItems": "0",
            "nonRecurring": "-466000",
            "otherItems": "0",
            "incomeTaxExpense": "85756000",
            "totalOtherIncomeExpense": "16493000",
            "discontinuedOperations": "0",
            "netIncomeFromContinuingOperations": "244074000",
            "netIncomeApplicableToCommonShares": "244074000",
            "preferredStockAndOtherAdjustments": "None"
        },
        {
            "fiscalDateEnding": "2016-02-29",
            "reportedCurrency": "USD",
            "totalRevenue": "1383335000",
            "totalOperatingExpense": "877005000",
            "costOfRevenue": "198572000",
            "grossProfit": "1184763000",
            "ebit": "310776000",
            "netIncome": "254307000",
            "researchAndDevelopment": "237204000",
            "effectOfAccountingCharges": "0",
            "incomeBeforeTax": "292307000",
            "minorityInterest": "0",
            "sellingGeneralAdministrative": "621826000",
            "otherNonOperatingIncome": "3018000",
            "operatingIncome": "307758000",
            "otherOperatingExpense": "18394000",
            "interestExpense": "18469000",
            "taxProvision": "None",
            "interestIncome": "None",
            "netInterestIncome": "None",
            "extraordinaryItems": "0",
            "nonRecurring": "-419000",
            "otherItems": "0",
            "incomeTaxExpense": "38000000",
            "totalOtherIncomeExpense": "-15451000",
            "discontinuedOperations": "0",
            "netIncomeFromContinuingOperations": "254307000",
            "netIncomeApplicableToCommonShares": "254307000",
            "preferredStockAndOtherAdjustments": "None"
        },
        {
            "fiscalDateEnding": "2015-11-30",
            "reportedCurrency": "USD",
            "totalRevenue": "1306404000",
            "totalOperatingExpense": "814609000",
            "costOfRevenue": "201361000",
            "grossProfit": "1105043000",
            "ebit": "313455000",
            "netIncome": "222705000",
            "researchAndDevelopment": "220514000",
            "effectOfAccountingCharges": "0",
            "incomeBeforeTax": "296940000",
            "minorityInterest": "0",
            "sellingGeneralAdministrative": "575524000",
            "otherNonOperatingIncome": "23021000",
            "operatingIncome": "290434000",
            "otherOperatingExpense": "18050000",
            "interestExpense": "16515000",
            "taxProvision": "None",
            "interestIncome": "None",
            "netInterestIncome": "None",
            "extraordinaryItems": "0",
            "nonRecurring": "521000",
            "otherItems": "0",
            "incomeTaxExpense": "74235000",
            "totalOtherIncomeExpense": "-15914000",
            "discontinuedOperations": "0",
            "netIncomeFromContinuingOperations": "222705000",
            "netIncomeApplicableToCommonShares": "222705000",
            "preferredStockAndOtherAdjustments": "None"
        },
        {
            "fiscalDateEnding": "2015-08-31",
            "reportedCurrency": "USD",
            "totalRevenue": "1217768000",
            "totalOperatingExpense": "780764000",
            "costOfRevenue": "190985000",
            "grossProfit": "1026783000",
            "ebit": "249138000",
            "netIncome": "174465000",
            "researchAndDevelopment": "218660000",
            "effectOfAccountingCharges": "0",
            "incomeBeforeTax": "232619000",
            "minorityInterest": "0",
            "sellingGeneralAdministrative": "544609000",
            "otherNonOperatingIncome": "3119000",
            "operatingIncome": "246019000",
            "otherOperatingExpense": "18246000",
            "interestExpense": "16519000",
            "taxProvision": "None",
            "interestIncome": "None",
            "netInterestIncome": "None",
            "extraordinaryItems": "0",
            "nonRecurring": "-751000",
            "otherItems": "0",
            "incomeTaxExpense": "58154000",
            "totalOtherIncomeExpense": "-757000",
            "discontinuedOperations": "0",
            "netIncomeFromContinuingOperations": "174465000",
            "netIncomeApplicableToCommonShares": "174465000",
            "preferredStockAndOtherAdjustments": "None"
        }
    ]
}