{
    "symbol": "AVGO",
    "annualReports": [
        {
            "fiscalDateEnding": "2019-10-31",
            "reportedCurrency": "USD",
            "totalRevenue": "22597000000",
            "totalOperatingExpense": "18417000000",
            "costOfRevenue": "10114000000",
            "grossProfit": "12483000000",
            "ebit": "9478000000",
            "netIncome": "2724000000",
            "researchAndDevelopment": "4696000000",
            "effectOfAccountingCharges": "None",
            "incomeBeforeTax": "2226000000",
            "minorityInterest": "None",
            "sellingGeneralAdministrative": "1709000000",
            "otherNonOperatingIncome": "None",
            "operatingIncome": "4180000000",
            "otherOperatingExpense": "None",
            "interestExpense": "1444000000",
            "taxProvision": "-510000000",
            "interestIncome": "98000000",
            "netInterestIncome": "-1346000000",
            "extraordinaryItems": "-12000000",
            "nonRecurring": "None",
            "otherItems": "None",
            "incomeTaxExpense": "-510000000",
            "totalOtherIncomeExpense": "-608000000",
            "discontinuedOperations": "-12000000",
            "netIncomeFromContinuingOperations": "2736000000",
            "netIncomeApplicableToCommonShares": "2695000000",
            "preferredStockAndOtherAdjustments": "None"
        },
        {
            "fiscalDateEnding": "2018-10-31",
            "reportedCurrency": "USD",
            "totalRevenue": "20848000000",
            "totalOperatingExpense": "15480000000",
            "costOfRevenue": "10115000000",
            "grossProfit": "10733000000",
            "ebit": "9254000000",
            "netIncome": "12259000000",
            "researchAndDevelopment": "3768000000",
            "effectOfAccountingCharges": "None",
            "incomeBeforeTax": "4545000000",
            "minorityInterest": "351000000",
            "sellingGeneralAdministrative": "1056000000",
            "otherNonOperatingIncome": "None",
            "operatingIncome": "5368000000",
            "otherOperatingExpense": "None",
            "interestExpense": "628000000",
            "taxProvision": "-8084000000",
            "interestIncome": "114000000",
            "netInterestIncome": "-514000000",
            "extraordinaryItems": "7259000000",
            "nonRecurring": "None",
            "otherItems": "None",
            "incomeTaxExpense": "-8084000000",
            "totalOtherIncomeExpense": "-309000000",
            "discontinuedOperations": "-19000000",
            "netIncomeFromContinuingOperations": "12629000000",
            "netIncomeApplicableToCommonShares": "12259000000",
            "preferredStockAndOtherAdjustments": "None"
        },
        {
            "fiscalDateEnding": "2017-10-31",
            "reportedCurrency": "USD",
            "totalRevenue": "17636000000",
            "totalOperatingExpense": "14970000000",
            "costOfRevenue": "9127000000",
            "grossProfit": "8509000000",
            "ebit": "7016000000",
            "netIncome": "1692000000",
            "researchAndDevelopment": "3292000000",
            "effectOfAccountingCharges": "None",
            "incomeBeforeTax": "1825000000",
            "minorityInterest": "2901000000",
            "sellingGeneralAdministrative": "787000000",
            "otherNonOperatingIncome": "None",
            "operatingIncome": "2666000000",
            "otherOperatingExpense": "1764000000",
            "interestExpense": "454000000",
            "taxProvision": "35000000",
            "interestIncome": "44000000",
            "netInterestIncome": "-410000000",
            "extraordinaryItems": "-6000000",
            "nonRecurring": "283000000",
            "otherItems": "None",
            "incomeTaxExpense": "35000000",
            "totalOtherIncomeExpense": "-431000000",
            "discontinuedOperations": "-6000000",
            "netIncomeFromContinuingOperations": "1790000000",
            "netIncomeApplicableToCommonShares": "1692000000",
            "preferredStockAndOtherAdjustments": "None"
        },
        {
            "fiscalDateEnding": "2016-10-31",
            "reportedCurrency": "USD",
            "totalRevenue": "13240000000",
            "totalOperatingExpense": "12653000000",
            "costOfRevenue": "7300000000",
            "grossProfit": "5940000000",
            "ebit": "2520000000",
            "netIncome": "-1739000000",
            "researchAndDevelopment": "2674000000",
            "effectOfAccountingCharges": "None",
            "incomeBeforeTax": "-1107000000",
            "minorityInterest": "2984000000",
            "sellingGeneralAdministrative": "806000000",
            "otherNonOperatingIncome": "None",
            "operatingIncome": "587000000",
            "otherOperatingExpense": "1873000000",
            "interestExpense": "585000000",
            "taxProvision": "642000000",
            "interestIncome": "10000000",
            "netInterestIncome": "-575000000",
            "extraordinaryItems": "-112000000",
            "nonRecurring": "996000000",
            "otherItems": "None",
            "incomeTaxExpense": "642000000",
            "totalOtherIncomeExpense": "-1119000000",
            "discontinuedOperations": "-112000000",
            "netIncomeFromContinuingOperations": "-1749000000",
            "netIncomeApplicableToCommonShares": "-1739000000",
            "preferredStockAndOtherAdjustments": "None"
        },
        {
            "fiscalDateEnding": "2015-10-31",
            "reportedCurrency": "USD",
            "totalRevenue": "6824000000",
            "totalOperatingExpense": "4944000000",
            "costOfRevenue": "3264000000",
            "grossProfit": "3560000000",
            "ebit": "1880000000",
            "netIncome": "1364000000",
            "researchAndDevelopment": "1049000000",
            "effectOfAccountingCharges": "None",
            "incomeBeforeTax": "1467000000",
            "minorityInterest": "2984000000",
            "sellingGeneralAdministrative": "486000000",
            "otherNonOperatingIncome": "None",
            "operatingIncome": "1632000000",
            "otherOperatingExpense": "249000000",
            "interestExpense": "-191000000",
            "taxProvision": "76000000",
            "interestIncome": "-183000000",
            "netInterestIncome": "None",
            "extraordinaryItems": "-27000000",
            "nonRecurring": "137000000",
            "otherItems": "None",
            "incomeTaxExpense": "76000000",
            "totalOtherIncomeExpense": "-413000000",
            "discontinuedOperations": "-27000000",
            "netIncomeFromContinuingOperations": "1391000000",
            "netIncomeApplicableToCommonShares": "1364000000",
            "preferredStockAndOtherAdjustments": "None"
        }
    ],
    "quarterlyReports": [
        {
            "fiscalDateEnding": "2020-07-31",
            "reportedCurrency": "USD",
            "totalRevenue": "5821000000",
            "totalOperatingExpense": "4761000000",
            "costOfRevenue": "2505000000",
            "grossProfit": "3316000000",
            "ebit": "2776000000",
            "netIncome": "688000000",
            "researchAndDevelopment": "1228000000",
            "effectOfAccountingCharges": "None",
            "incomeBeforeTax": "593000000",
            "minorityInterest": "None",
            "sellingGeneralAdministrative": "428000000",
            "otherNonOperatingIncome": "None",
            "operatingIncome": "1060000000",
            "otherOperatingExpense": "None",
            "interestExpense": "464000000",
            "taxProvision": "-96000000",
            "interestIncome": "None",
            "netInterestIncome": "-464000000",
            "extraordinaryItems": "None",
            "nonRecurring": "None",
            "otherItems": "None",
            "incomeTaxExpense": "-96000000",
            "totalOtherIncomeExpense": "-3000000",
            "discontinuedOperations": "-1000000",
            "netIncomeFromContinuingOperations": "689000000",
            "netIncomeApplicableToCommonShares": "614000000",
            "preferredStockAndOtherAdjustments": "None"
        },
        {
            "fiscalDateEnding": "2020-04-30",
            "reportedCurrency": "USD",
            "totalRevenue": "5742000000",
            "totalOperatingExpense": "4922000000",
            "costOfRevenue": "2553000000",
            "grossProfit": "3189000000",
            "ebit": "2626000000",
            "netIncome": "563000000",
            "researchAndDevelopment": "1269000000",
            "effectOfAccountingCharges": "None",
            "incomeBeforeTax": "409000000",
            "minorityInterest": "None",
            "sellingGeneralAdministrative": "501000000",
            "otherNonOperatingIncome": "None",
            "operatingIncome": "820000000",
            "otherOperatingExpense": "None",
            "interestExpense": "487000000",
            "taxProvision": "-159000000",
            "interestIncome": "None",
            "netInterestIncome": "-487000000",
            "extraordinaryItems": "-5000000",
            "nonRecurring": "None",
            "otherItems": "None",
            "incomeTaxExpense": "-159000000",
            "totalOtherIncomeExpense": "76000000",
            "discontinuedOperations": "-5000000",
            "netIncomeFromContinuingOperations": "568000000",
            "netIncomeApplicableToCommonShares": "488000000",
            "preferredStockAndOtherAdjustments": "None"
        },
        {
            "fiscalDateEnding": "2020-01-31",
            "reportedCurrency": "USD",
            "totalRevenue": "5858000000",
            "totalOperatingExpense": "5087000000",
            "costOfRevenue": "2594000000",
            "grossProfit": "3264000000",
            "ebit": "2438000000",
            "netIncome": "385000000",
            "researchAndDevelopment": "1289000000",
            "effectOfAccountingCharges": "None",
            "incomeBeforeTax": "304000000",
            "minorityInterest": "None",
            "sellingGeneralAdministrative": "601000000",
            "otherNonOperatingIncome": "None",
            "operatingIncome": "771000000",
            "otherOperatingExpense": "None",
            "interestExpense": "406000000",
            "taxProvision": "-76000000",
            "interestIncome": "None",
            "netInterestIncome": "-406000000",
            "extraordinaryItems": "5000000",
            "nonRecurring": "None",
            "otherItems": "None",
            "incomeTaxExpense": "-76000000",
            "totalOtherIncomeExpense": "-61000000",
            "discontinuedOperations": "5000000",
            "netIncomeFromContinuingOperations": "380000000",
            "netIncomeApplicableToCommonShares": "311000000",
            "preferredStockAndOtherAdjustments": "None"
        },
        {
            "fiscalDateEnding": "2019-10-31",
            "reportedCurrency": "USD",
            "totalRevenue": "5776000000",
            "totalOperatingExpense": "4684000000",
            "costOfRevenue": "2624000000",
            "grossProfit": "3152000000",
            "ebit": "2560000000",
            "netIncome": "847000000",
            "researchAndDevelopment": "1177000000",
            "effectOfAccountingCharges": "None",
            "incomeBeforeTax": "747000000",
            "minorityInterest": "None",
            "sellingGeneralAdministrative": "409000000",
            "otherNonOperatingIncome": "None",
            "operatingIncome": "1092000000",
            "otherOperatingExpense": "None",
            "interestExpense": "361000000",
            "taxProvision": "-100000000",
            "interestIncome": "None",
            "netInterestIncome": "-263000000",
            "extraordinaryItems": "None",
            "nonRecurring": "None",
            "otherItems": "None",
            "incomeTaxExpense": "-100000000",
            "totalOtherIncomeExpense": "-82000000",
            "discontinuedOperations": "5000000",
            "netIncomeFromContinuingOperations": "847000000",
            "netIncomeApplicableToCommonShares": "818000000",
            "preferredStockAndOtherAdjustments": "None"
        },
        {
            "fiscalDateEnding": "2019-07-31",
            "reportedCurrency": "USD",
            "totalRevenue": "5515000000",
            "totalOperatingExpense": "4601000000",
            "costOfRevenue": "2481000000",
            "grossProfit": "3034000000",
            "ebit": "2356000000",
            "netIncome": "715000000",
            "researchAndDevelopment": "1235000000",
            "effectOfAccountingCharges": "None",
            "incomeBeforeTax": "544000000",
            "minorityInterest": "None",
            "sellingGeneralAdministrative": "410000000",
            "otherNonOperatingIncome": "None",
            "operatingIncome": "914000000",
            "otherOperatingExpense": "None",
            "interestExpense": "362000000",
            "taxProvision": "-171000000",
            "interestIncome": "None",
            "netInterestIncome": "-362000000",
            "extraordinaryItems": "None",
            "nonRecurring": "None",
            "otherItems": "None",
            "incomeTaxExpense": "-171000000",
            "totalOtherIncomeExpense": "-8000000",
            "discontinuedOperations": "5000000",
            "netIncomeFromContinuingOperations": "715000000",
            "netIncomeApplicableToCommonShares": "715000000",
            "preferredStockAndOtherAdjustments": "None"
        },
        {
            "fiscalDateEnding": "2019-04-30",
            "reportedCurrency": "USD",
            "totalRevenue": "5517000000",
            "totalOperatingExpense": "4471000000",
            "costOfRevenue": "2428000000",
            "grossProfit": "3089000000",
            "ebit": "2480000000",
            "netIncome": "691000000",
            "researchAndDevelopment": "1151000000",
            "effectOfAccountingCharges": "None",
            "incomeBeforeTax": "657000000",
            "minorityInterest": "None",
            "sellingGeneralAdministrative": "419000000",
            "otherNonOperatingIncome": "None",
            "operatingIncome": "1046000000",
            "otherOperatingExpense": "None",
            "interestExpense": "376000000",
            "taxProvision": "-36000000",
            "interestIncome": "None",
            "netInterestIncome": "-376000000",
            "extraordinaryItems": "-2000000",
            "nonRecurring": "None",
            "otherItems": "None",
            "incomeTaxExpense": "-36000000",
            "totalOtherIncomeExpense": "-13000000",
            "discontinuedOperations": "-2000000",
            "netIncomeFromContinuingOperations": "693000000",
            "netIncomeApplicableToCommonShares": "691000000",
            "preferredStockAndOtherAdjustments": "None"
        },
        {
            "fiscalDateEnding": "2019-01-31",
            "reportedCurrency": "USD",
            "totalRevenue": "5789000000",
            "totalOperatingExpense": "2080000000",
            "costOfRevenue": "2525000000",
            "grossProfit": "3264000000",
            "ebit": "2082000000",
            "netIncome": "471000000",
            "researchAndDevelopment": "1133000000",
            "effectOfAccountingCharges": "None",
            "incomeBeforeTax": "278000000",
            "minorityInterest": "None",
            "sellingGeneralAdministrative": "471000000",
            "otherNonOperatingIncome": "None",
            "operatingIncome": "555000000",
            "otherOperatingExpense": "None",
            "interestExpense": "345000000",
            "taxProvision": "-203000000",
            "interestIncome": "None",
            "netInterestIncome": "None",
            "extraordinaryItems": "-10000000",
            "nonRecurring": "None",
            "otherItems": "None",
            "incomeTaxExpense": "-203000000",
            "totalOtherIncomeExpense": "-505000000",
            "discontinuedOperations": "-10000000",
            "netIncomeFromContinuingOperations": "481000000",
            "netIncomeApplicableToCommonShares": "471000000",
            "preferredStockAndOtherAdjustments": "None"
        },
        {
            "fiscalDateEnding": "2018-10-31",
            "reportedCurrency": "USD",
            "totalRevenue": "5444000000",
            "totalOperatingExpense": "3760000000",
            "costOfRevenue": "1746000000",
            "grossProfit": "3698000000",
            "ebit": "1684000000",
            "netIncome": "1115000000",
            "researchAndDevelopment": "948000000",
            "effectOfAccountingCharges": "0",
            "incomeBeforeTax": "1422000000",
            "minorityInterest": "351000000",
            "sellingGeneralAdministrative": "237000000",
            "otherNonOperatingIncome": "None",
            "operatingIncome": "1684000000",
            "otherOperatingExpense": "0",
            "interestExpense": "-148000000",
            "taxProvision": "None",
            "interestIncome": "None",
            "netInterestIncome": "None",
            "extraordinaryItems": "0",
            "nonRecurring": "0",
            "otherItems": "0",
            "incomeTaxExpense": "307000000",
            "totalOtherIncomeExpense": "-262000000",
            "discontinuedOperations": "-10000000",
            "netIncomeFromContinuingOperations": "1115000000",
            "netIncomeApplicableToCommonShares": "1115000000",
            "preferredStockAndOtherAdjustments": "None"
        },
        {
            "fiscalDateEnding": "2018-07-31",
            "reportedCurrency": "USD",
            "totalRevenue": "5063000000",
            "totalOperatingExpense": "3703000000",
            "costOfRevenue": "1680000000",
            "grossProfit": "3383000000",
            "ebit": "1360000000",
            "netIncome": "1196000000",
            "researchAndDevelopment": "959000000",
            "effectOfAccountingCharges": "0",
            "incomeBeforeTax": "1229000000",
            "minorityInterest": "-14000000",
            "sellingGeneralAdministrative": "234000000",
            "otherNonOperatingIncome": "None",
            "operatingIncome": "1360000000",
            "otherOperatingExpense": "339000000",
            "interestExpense": "-149000000",
            "taxProvision": "None",
            "interestIncome": "None",
            "netInterestIncome": "None",
            "extraordinaryItems": "0",
            "nonRecurring": "130000000",
            "otherItems": "0",
            "incomeTaxExpense": "32000000",
            "totalOtherIncomeExpense": "-131000000",
            "discontinuedOperations": "-1000000",
            "netIncomeFromContinuingOperations": "1197000000",
            "netIncomeApplicableToCommonShares": "1196000000",
            "preferredStockAndOtherAdjustments": "None"
        },
        {
            "fiscalDateEnding": "2018-04-30",
            "reportedCurrency": "USD",
            "totalRevenue": "5014000000",
            "totalOperatingExpense": "3750000000",
            "costOfRevenue": "1696000000",
            "grossProfit": "3318000000",
            "ebit": "1264000000",
            "netIncome": "3718000000",
            "researchAndDevelopment": "936000000",
            "effectOfAccountingCharges": "0",
            "incomeBeforeTax": "1099000000",
            "minorityInterest": "14000000",
            "sellingGeneralAdministrative": "286000000",
            "otherNonOperatingIncome": "None",
            "operatingIncome": "1264000000",
            "otherOperatingExpense": "-678000000",
            "interestExpense": "-148000000",
            "taxProvision": "None",
            "interestIncome": "None",
            "netInterestIncome": "None",
            "extraordinaryItems": "0",
            "nonRecurring": "-260000000",
            "otherItems": "0",
            "incomeTaxExpense": "-2637000000",
            "totalOtherIncomeExpense": "-165000000",
            "discontinuedOperations": "-3000000",
            "netIncomeFromContinuingOperations": "3736000000",
            "netIncomeApplicableToCommonShares": "3718000000",
            "preferredStockAndOtherAdjustments": "None"
        },
        {
            "fiscalDateEnding": "2018-01-31",
            "reportedCurrency": "USD",
            "totalRevenue": "5327000000",
            "totalOperatingExpense": "4148000000",
            "costOfRevenue": "1771000000",
            "grossProfit": "3428000000",
            "ebit": "1179000000",
            "netIncome": "6230000000",
            "researchAndDevelopment": "925000000",
            "effectOfAccountingCharges": "0",
            "incomeBeforeTax": "795000000",
            "minorityInterest": "337000000",
            "sellingGeneralAdministrative": "1162000000",
            "otherNonOperatingIncome": "None",
            "operatingIncome": "1214000000",
            "otherOperatingExpense": "339000000",
            "interestExpense": "183000000",
            "taxProvision": "None",
            "interestIncome": "None",
            "netInterestIncome": "None",
            "extraordinaryItems": "0",
            "nonRecurring": "130000000",
            "otherItems": "0",
            "incomeTaxExpense": "-5786000000",
            "totalOtherIncomeExpense": "-384000000",
            "discontinuedOperations": "-15000000",
            "netIncomeFromContinuingOperations": "6581000000",
            "netIncomeApplicableToCommonShares": "6244000000",
            "preferredStockAndOtherAdjustments": "None"
        },
        {
            "fiscalDateEnding": "2017-10-31",
            "reportedCurrency": "USD",
            "totalRevenue": "4844000000",
            "totalOperatingExpense": "3726000000",
            "costOfRevenue": "1680000000",
            "grossProfit": "-1892000000",
            "ebit": "612000000",
            "netIncome": "532000000",
            "researchAndDevelopment": "828000000",
            "effectOfAccountingCharges": "0",
            "incomeBeforeTax": "645000000",
            "minorityInterest": "29000000",
            "sellingGeneralAdministrative": "2011000000",
            "otherNonOperatingIncome": "None",
            "operatingIncome": "1646000000",
            "otherOperatingExpense": "-867000000",
            "interestExpense": "119000000",
            "taxProvision": "None",
            "interestIncome": "None",
            "netInterestIncome": "None",
            "extraordinaryItems": "0",
            "nonRecurring": "-75000000",
            "otherItems": "0",
            "incomeTaxExpense": "89000000",
            "totalOtherIncomeExpense": "565000000",
            "discontinuedOperations": "26000000",
            "netIncomeFromContinuingOperations": "1051000000",
            "netIncomeApplicableToCommonShares": "527000000",
            "preferredStockAndOtherAdjustments": "None"
        },
        {
            "fiscalDateEnding": "2017-07-31",
            "reportedCurrency": "USD",
            "totalRevenue": "4463000000",
            "totalOperatingExpense": "17194000000",
            "costOfRevenue": "1546000000",
            "grossProfit": "20964000000",
            "ebit": "3490000000",
            "netIncome": "481000000",
            "researchAndDevelopment": "827000000",
            "effectOfAccountingCharges": "0",
            "incomeBeforeTax": "548000000",
            "minorityInterest": "26000000",
            "sellingGeneralAdministrative": "190000000",
            "otherNonOperatingIncome": "None",
            "operatingIncome": "2827000000",
            "otherOperatingExpense": "4389000000",
            "interestExpense": "112000000",
            "taxProvision": "None",
            "interestIncome": "None",
            "netInterestIncome": "None",
            "extraordinaryItems": "0",
            "nonRecurring": "561000000",
            "otherItems": "0",
            "incomeTaxExpense": "39000000",
            "totalOtherIncomeExpense": "-2072000000",
            "discontinuedOperations": "-53000000",
            "netIncomeFromContinuingOperations": "1556000000",
            "netIncomeApplicableToCommonShares": "483000000",
            "preferredStockAndOtherAdjustments": "None"
        },
        {
            "fiscalDateEnding": "2017-04-30",
            "reportedCurrency": "USD",
            "totalRevenue": "4190000000",
            "totalOperatingExpense": "-7468000000",
            "costOfRevenue": "1454000000",
            "grossProfit": "-10030000000",
            "ebit": "-1791000000",
            "netIncome": "440000000",
            "researchAndDevelopment": "829000000",
            "effectOfAccountingCharges": "0",
            "incomeBeforeTax": "365000000",
            "minorityInterest": "24000000",
            "sellingGeneralAdministrative": "1000000000",
            "otherNonOperatingIncome": "None",
            "operatingIncome": "545000000",
            "otherOperatingExpense": "-2198000000",
            "interestExpense": "112000000",
            "taxProvision": "None",
            "interestIncome": "None",
            "netInterestIncome": "None",
            "extraordinaryItems": "0",
            "nonRecurring": "-249000000",
            "otherItems": "0",
            "incomeTaxExpense": "-163000000",
            "totalOtherIncomeExpense": "771000000",
            "discontinuedOperations": "26000000",
            "netIncomeFromContinuingOperations": "-1074000000",
            "netIncomeApplicableToCommonShares": "444000000",
            "preferredStockAndOtherAdjustments": "None"
        },
        {
            "fiscalDateEnding": "2017-01-31",
            "reportedCurrency": "USD",
            "totalRevenue": "4139000000",
            "totalOperatingExpense": "1495000000",
            "costOfRevenue": "1461000000",
            "grossProfit": "2001000000",
            "ebit": "378000000",
            "netIncome": "239000000",
            "researchAndDevelopment": "818000000",
            "effectOfAccountingCharges": "0",
            "incomeBeforeTax": "267000000",
            "minorityInterest": "13000000",
            "sellingGeneralAdministrative": "971000000",
            "otherNonOperatingIncome": "None",
            "operatingIncome": "596000000",
            "otherOperatingExpense": "440000000",
            "interestExpense": "111000000",
            "taxProvision": "None",
            "interestIncome": "None",
            "netInterestIncome": "None",
            "extraordinaryItems": "0",
            "nonRecurring": "46000000",
            "otherItems": "0",
            "incomeTaxExpense": "10000000",
            "totalOtherIncomeExpense": "-128000000",
            "discontinuedOperations": "-5000000",
            "netIncomeFromContinuingOperations": "257000000",
            "netIncomeApplicableToCommonShares": "244000000",
            "preferredStockAndOtherAdjustments": "None"
        },
        {
            "fiscalDateEnding": "2016-10-31",
            "reportedCurrency": "USD",
            "totalRevenue": "4136000000",
            "totalOperatingExpense": "9323000000",
            "costOfRevenue": "1518000000",
            "grossProfit": "6163000000",
            "ebit": "2152000000",
            "netIncome": "-1424000000",
            "researchAndDevelopment": "977000000",
            "effectOfAccountingCharges": "0",
            "incomeBeforeTax": "235000000",
            "minorityInterest": "-47000000",
            "sellingGeneralAdministrative": "997000000",
            "otherNonOperatingIncome": "None",
            "operatingIncome": "921000000",
            "otherOperatingExpense": "1145000000",
            "interestExpense": "106000000",
            "taxProvision": "None",
            "interestIncome": "None",
            "netInterestIncome": "None",
            "extraordinaryItems": "0",
            "nonRecurring": "722000000",
            "otherItems": "0",
            "incomeTaxExpense": "841000000",
            "totalOtherIncomeExpense": "-2961000000",
            "discontinuedOperations": "-100000000",
            "netIncomeFromContinuingOperations": "-1446000000",
            "netIncomeApplicableToCommonShares": "-1441000000",
            "preferredStockAndOtherAdjustments": "None"
        },
        {
            "fiscalDateEnding": "2016-07-31",
            "reportedCurrency": "USD",
            "totalRevenue": "3792000000",
            "totalOperatingExpense": "-1320000000",
            "costOfRevenue": "1401000000",
            "grossProfit": "-322000000",
            "ebit": "-456000000",
            "netIncome": "871000000",
            "researchAndDevelopment": "1034000000",
            "effectOfAccountingCharges": "0",
            "incomeBeforeTax": "-420000000",
            "minorityInterest": "3031000000",
            "sellingGeneralAdministrative": "1006000000",
            "otherNonOperatingIncome": "None",
            "operatingIncome": "327000000",
            "otherOperatingExpense": "728000000",
            "interestExpense": "139000000",
            "taxProvision": "None",
            "interestIncome": "None",
            "netInterestIncome": "None",
            "extraordinaryItems": "0",
            "nonRecurring": "274000000",
            "otherItems": "0",
            "incomeTaxExpense": "-18000000",
            "totalOtherIncomeExpense": "-17000000",
            "discontinuedOperations": "26000000",
            "netIncomeFromContinuingOperations": "-303000000",
            "netIncomeApplicableToCommonShares": "-298000000",
            "preferredStockAndOtherAdjustments": "None"
        },
        {
            "fiscalDateEnding": "2016-04-30",
            "reportedCurrency": "USD",
            "totalRevenue": "3541000000",
            "totalOperatingExpense": "3366000000",
            "costOfRevenue": "1330000000",
            "grossProfit": "2104000000",
            "ebit": "175000000",
            "netIncome": "-1563000000",
            "researchAndDevelopment": "807000000",
            "effectOfAccountingCharges": "0",
            "incomeBeforeTax": "-394000000",
            "minorityInterest": "0",
            "sellingGeneralAdministrative": "982000000",
            "otherNonOperatingIncome": "None",
            "operatingIncome": "189000000",
            "otherOperatingExpense": "0",
            "interestExpense": "150000000",
            "taxProvision": "None",
            "interestIncome": "None",
            "netInterestIncome": "None",
            "extraordinaryItems": "0",
            "nonRecurring": "0",
            "otherItems": "0",
            "incomeTaxExpense": "-116000000",
            "totalOtherIncomeExpense": "0",
            "discontinuedOperations": "-38000000",
            "netIncomeFromContinuingOperations": "0",
            "netIncomeApplicableToCommonShares": "-377000000",
            "preferredStockAndOtherAdjustments": "None"
        },
        {
            "fiscalDateEnding": "2016-01-31",
            "reportedCurrency": "USD",
            "totalRevenue": "1771000000",
            "totalOperatingExpense": "0",
            "costOfRevenue": "639000000",
            "grossProfit": "0",
            "ebit": "0",
            "netIncome": "377000000",
            "researchAndDevelopment": "273000000",
            "effectOfAccountingCharges": "0",
            "incomeBeforeTax": "394000000",
            "minorityInterest": "0",
            "sellingGeneralAdministrative": "357000000",
            "otherNonOperatingIncome": "None",
            "operatingIncome": "531000000",
            "otherOperatingExpense": "0",
            "interestExpense": "41000000",
            "taxProvision": "None",
            "interestIncome": "None",
            "netInterestIncome": "None",
            "extraordinaryItems": "0",
            "nonRecurring": "0",
            "otherItems": "0",
            "incomeTaxExpense": "17000000",
            "totalOtherIncomeExpense": "0",
            "discontinuedOperations": "0",
            "netIncomeFromContinuingOperations": "0",
            "netIncomeApplicableToCommonShares": "377000000",
            "preferredStockAndOtherAdjustments": "None"
        },
        {
            "fiscalDateEnding": "2015-10-31",
            "reportedCurrency": "USD",
            "totalRevenue": "4984000000",
            "totalOperatingExpense": "4944000000",
            "costOfRevenue": "2094000000",
            "grossProfit": "4077000000",
            "ebit": "1880000000",
            "netIncome": "935000000",
            "researchAndDevelopment": "762000000",
            "effectOfAccountingCharges": "0",
            "incomeBeforeTax": "982000000",
            "minorityInterest": "2984000000",
            "sellingGeneralAdministrative": "21000000",
            "otherNonOperatingIncome": "None",
            "operatingIncome": "1337000000",
            "otherOperatingExpense": "249000000",
            "interestExpense": "-232000000",
            "taxProvision": "None",
            "interestIncome": "None",
            "netInterestIncome": "None",
            "extraordinaryItems": "0",
            "nonRecurring": "137000000",
            "otherItems": "0",
            "incomeTaxExpense": "61000000",
            "totalOtherIncomeExpense": "-413000000",
            "discontinuedOperations": "-27000000",
            "netIncomeFromContinuingOperations": "1391000000",
            "netIncomeApplicableToCommonShares": "894000000",
            "preferredStockAndOtherAdjustments": "None"
        },
        {
            "fiscalDateEnding": "2015-07-31",
            "reportedCurrency": "USD",
            "totalRevenue": "1735000000",
            "totalOperatingExpense": "0",
            "costOfRevenue": "635000000",
            "grossProfit": "0",
            "ebit": "0",
            "netIncome": "240000000",
            "researchAndDevelopment": "276000000",
            "effectOfAccountingCharges": "0",
            "incomeBeforeTax": "267000000",
            "minorityInterest": "0",
            "sellingGeneralAdministrative": "386000000",
            "otherNonOperatingIncome": "None",
            "operatingIncome": "458000000",
            "otherOperatingExpense": "0",
            "interestExpense": "43000000",
            "taxProvision": "None",
            "interestIncome": "None",
            "netInterestIncome": "None",
            "extraordinaryItems": "0",
            "nonRecurring": "0",
            "otherItems": "0",
            "incomeTaxExpense": "23000000",
            "totalOtherIncomeExpense": "0",
            "discontinuedOperations": "0",
            "netIncomeFromContinuingOperations": "0",
            "netIncomeApplicableToCommonShares": "244000000",
            "preferredStockAndOtherAdjustments": "None"
        }
    ]
}