{
    "symbol": "CMCSA",
    "annualReports": [
        {
            "fiscalDateEnding": "2019-12-31",
            "reportedCurrency": "USD",
            "totalRevenue": "108942000000",
            "totalOperatingExpense": "87817000000",
            "costOfRevenue": "34440000000",
            "grossProfit": "108942000000",
            "ebit": "21563000000",
            "netIncome": "13057000000",
            "researchAndDevelopment": "None",
            "effectOfAccountingCharges": "None",
            "incomeBeforeTax": "16996000000",
            "minorityInterest": "2520000000",
            "sellingGeneralAdministrative": "7617000000",
            "otherNonOperatingIncome": "438000000",
            "operatingIncome": "21125000000",
            "otherOperatingExpense": "80200000000",
            "interestExpense": "4567000000",
            "taxProvision": "3673000000",
            "interestIncome": "-4416000000",
            "netInterestIncome": "-4567000000",
            "extraordinaryItems": "None",
            "nonRecurring": "None",
            "otherItems": "None",
            "incomeTaxExpense": "3673000000",
            "totalOtherIncomeExpense": "438000000",
            "discontinuedOperations": "None",
            "netIncomeFromContinuingOperations": "13323000000",
            "netIncomeApplicableToCommonShares": "13057000000",
            "preferredStockAndOtherAdjustments": "None"
        },
        {
            "fiscalDateEnding": "2018-12-31",
            "reportedCurrency": "USD",
            "totalRevenue": "94507000000",
            "totalOperatingExpense": "75498000000",
            "costOfRevenue": "29692000000",
            "grossProfit": "64815000000",
            "ebit": "29801000000",
            "netIncome": "11731000000",
            "researchAndDevelopment": "0",
            "effectOfAccountingCharges": "None",
            "incomeBeforeTax": "15242000000",
            "minorityInterest": "2205000000",
            "sellingGeneralAdministrative": "35130000000",
            "otherNonOperatingIncome": "None",
            "operatingIncome": "19009000000",
            "otherOperatingExpense": "None",
            "interestExpense": "3542000000",
            "taxProvision": "3380000000",
            "interestIncome": "-4093000000",
            "netInterestIncome": "-3542000000",
            "extraordinaryItems": "-20000000",
            "nonRecurring": "None",
            "otherItems": "None",
            "incomeTaxExpense": "3380000000",
            "totalOtherIncomeExpense": "-225000000",
            "discontinuedOperations": "None",
            "netIncomeFromContinuingOperations": "11862000000",
            "netIncomeApplicableToCommonShares": "11731000000",
            "preferredStockAndOtherAdjustments": "None"
        },
        {
            "fiscalDateEnding": "2017-12-31",
            "reportedCurrency": "USD",
            "totalRevenue": "84526000000",
            "totalOperatingExpense": "66539000000",
            "costOfRevenue": "25384000000",
            "grossProfit": "59142000000",
            "ebit": "28675000000",
            "netIncome": "22714000000",
            "researchAndDevelopment": "0",
            "effectOfAccountingCharges": "None",
            "incomeBeforeTax": "15322000000",
            "minorityInterest": "2200000000",
            "sellingGeneralAdministrative": "31330000000",
            "otherNonOperatingIncome": "None",
            "operatingIncome": "17987000000",
            "otherOperatingExpense": "10267000000",
            "interestExpense": "3086000000",
            "taxProvision": "-7578000000",
            "interestIncome": "-2996000000",
            "netInterestIncome": "-3086000000",
            "extraordinaryItems": "12682000000",
            "nonRecurring": "None",
            "otherItems": "None",
            "incomeTaxExpense": "-7569000000",
            "totalOtherIncomeExpense": "421000000",
            "discontinuedOperations": "None",
            "netIncomeFromContinuingOperations": "22900000000",
            "netIncomeApplicableToCommonShares": "22735000000",
            "preferredStockAndOtherAdjustments": "None"
        },
        {
            "fiscalDateEnding": "2016-12-31",
            "reportedCurrency": "USD",
            "totalRevenue": "80403000000",
            "totalOperatingExpense": "63544000000",
            "costOfRevenue": "24463000000",
            "grossProfit": "55940000000",
            "ebit": "26853000000",
            "netIncome": "8695000000",
            "researchAndDevelopment": "0",
            "effectOfAccountingCharges": "None",
            "incomeBeforeTax": "14353000000",
            "minorityInterest": "3677000000",
            "sellingGeneralAdministrative": "29523000000",
            "otherNonOperatingIncome": "None",
            "operatingIncome": "16859000000",
            "otherOperatingExpense": "9558000000",
            "interestExpense": "2942000000",
            "taxProvision": "5308000000",
            "interestIncome": "-3034000000",
            "netInterestIncome": "-2942000000",
            "extraordinaryItems": "None",
            "nonRecurring": "None",
            "otherItems": "None",
            "incomeTaxExpense": "5298000000",
            "totalOtherIncomeExpense": "436000000",
            "discontinuedOperations": "None",
            "netIncomeFromContinuingOperations": "9045000000",
            "netIncomeApplicableToCommonShares": "8678000000",
            "preferredStockAndOtherAdjustments": "None"
        },
        {
            "fiscalDateEnding": "2015-12-31",
            "reportedCurrency": "USD",
            "totalRevenue": "74510000000",
            "totalOperatingExpense": "58512000000",
            "costOfRevenue": "22550000000",
            "grossProfit": "51960000000",
            "ebit": "15998000000",
            "netIncome": "8163000000",
            "researchAndDevelopment": "0",
            "effectOfAccountingCharges": "None",
            "incomeBeforeTax": "13372000000",
            "minorityInterest": "2930000000",
            "sellingGeneralAdministrative": "27282000000",
            "otherNonOperatingIncome": "None",
            "operatingIncome": "15939000000",
            "otherOperatingExpense": "8680000000",
            "interestExpense": "-2702000000",
            "taxProvision": "4959000000",
            "interestIncome": "-2900000000",
            "netInterestIncome": "None",
            "extraordinaryItems": "None",
            "nonRecurring": "None",
            "otherItems": "None",
            "incomeTaxExpense": "4959000000",
            "totalOtherIncomeExpense": "-2626000000",
            "discontinuedOperations": "None",
            "netIncomeFromContinuingOperations": "8413000000",
            "netIncomeApplicableToCommonShares": "8163000000",
            "preferredStockAndOtherAdjustments": "None"
        }
    ],
    "quarterlyReports": [
        {
            "fiscalDateEnding": "2020-06-30",
            "reportedCurrency": "USD",
            "totalRevenue": "23715000000",
            "totalOperatingExpense": "19068000000",
            "costOfRevenue": "6817000000",
            "grossProfit": "23715000000",
            "ebit": "5067000000",
            "netIncome": "2988000000",
            "researchAndDevelopment": "None",
            "effectOfAccountingCharges": "None",
            "incomeBeforeTax": "3955000000",
            "minorityInterest": "2433000000",
            "sellingGeneralAdministrative": "1341000000",
            "otherNonOperatingIncome": "420000000",
            "operatingIncome": "4647000000",
            "otherOperatingExpense": "17727000000",
            "interestExpense": "1112000000",
            "taxProvision": "946000000",
            "interestIncome": "None",
            "netInterestIncome": "-1112000000",
            "extraordinaryItems": "None",
            "nonRecurring": "None",
            "otherItems": "None",
            "incomeTaxExpense": "946000000",
            "totalOtherIncomeExpense": "420000000",
            "discontinuedOperations": "None",
            "netIncomeFromContinuingOperations": "3009000000",
            "netIncomeApplicableToCommonShares": "2988000000",
            "preferredStockAndOtherAdjustments": "None"
        },
        {
            "fiscalDateEnding": "2020-03-31",
            "reportedCurrency": "USD",
            "totalRevenue": "26609000000",
            "totalOperatingExpense": "21757000000",
            "costOfRevenue": "8301000000",
            "grossProfit": "26609000000",
            "ebit": "4136000000",
            "netIncome": "2147000000",
            "researchAndDevelopment": "None",
            "effectOfAccountingCharges": "None",
            "incomeBeforeTax": "2924000000",
            "minorityInterest": "2536000000",
            "sellingGeneralAdministrative": "1938000000",
            "otherNonOperatingIncome": "-716000000",
            "operatingIncome": "4852000000",
            "otherOperatingExpense": "19819000000",
            "interestExpense": "1212000000",
            "taxProvision": "700000000",
            "interestIncome": "-1938000000",
            "netInterestIncome": "-1212000000",
            "extraordinaryItems": "None",
            "nonRecurring": "None",
            "otherItems": "None",
            "incomeTaxExpense": "700000000",
            "totalOtherIncomeExpense": "-716000000",
            "discontinuedOperations": "None",
            "netIncomeFromContinuingOperations": "2224000000",
            "netIncomeApplicableToCommonShares": "2147000000",
            "preferredStockAndOtherAdjustments": "None"
        },
        {
            "fiscalDateEnding": "2019-12-31",
            "reportedCurrency": "USD",
            "totalRevenue": "28398000000",
            "totalOperatingExpense": "23151000000",
            "costOfRevenue": "9300000000",
            "grossProfit": "28398000000",
            "ebit": "5174000000",
            "netIncome": "3162000000",
            "researchAndDevelopment": "None",
            "effectOfAccountingCharges": "None",
            "incomeBeforeTax": "4061000000",
            "minorityInterest": "2520000000",
            "sellingGeneralAdministrative": "1943000000",
            "otherNonOperatingIncome": "-73000000",
            "operatingIncome": "5247000000",
            "otherOperatingExpense": "21208000000",
            "interestExpense": "1113000000",
            "taxProvision": "861000000",
            "interestIncome": "-1249000000",
            "netInterestIncome": "-1113000000",
            "extraordinaryItems": "None",
            "nonRecurring": "None",
            "otherItems": "None",
            "incomeTaxExpense": "861000000",
            "totalOtherIncomeExpense": "-73000000",
            "discontinuedOperations": "None",
            "netIncomeFromContinuingOperations": "3200000000",
            "netIncomeApplicableToCommonShares": "3162000000",
            "preferredStockAndOtherAdjustments": "None"
        },
        {
            "fiscalDateEnding": "2019-09-30",
            "reportedCurrency": "USD",
            "totalRevenue": "26827000000",
            "totalOperatingExpense": "21487000000",
            "costOfRevenue": "8316000000",
            "grossProfit": "18511000000",
            "ebit": "8410000000",
            "netIncome": "3217000000",
            "researchAndDevelopment": "None",
            "effectOfAccountingCharges": "None",
            "incomeBeforeTax": "4063000000",
            "minorityInterest": "2384000000",
            "sellingGeneralAdministrative": "9991000000",
            "otherNonOperatingIncome": "None",
            "operatingIncome": "5340000000",
            "otherOperatingExpense": "None",
            "interestExpense": "1167000000",
            "taxProvision": "775000000",
            "interestIncome": "-1348000000",
            "netInterestIncome": "-1167000000",
            "extraordinaryItems": "None",
            "nonRecurring": "None",
            "otherItems": "None",
            "incomeTaxExpense": "775000000",
            "totalOtherIncomeExpense": "-110000000",
            "discontinuedOperations": "None",
            "netIncomeFromContinuingOperations": "3288000000",
            "netIncomeApplicableToCommonShares": "3217000000",
            "preferredStockAndOtherAdjustments": "None"
        },
        {
            "fiscalDateEnding": "2019-06-30",
            "reportedCurrency": "USD",
            "totalRevenue": "26858000000",
            "totalOperatingExpense": "21502000000",
            "costOfRevenue": "8255000000",
            "grossProfit": "18603000000",
            "ebit": "8577000000",
            "netIncome": "3125000000",
            "researchAndDevelopment": "None",
            "effectOfAccountingCharges": "None",
            "incomeBeforeTax": "4164000000",
            "minorityInterest": "2309000000",
            "sellingGeneralAdministrative": "9971000000",
            "otherNonOperatingIncome": "None",
            "operatingIncome": "5356000000",
            "otherOperatingExpense": "None",
            "interestExpense": "1137000000",
            "taxProvision": "961000000",
            "interestIncome": "-1145000000",
            "netInterestIncome": "-1137000000",
            "extraordinaryItems": "None",
            "nonRecurring": "None",
            "otherItems": "None",
            "incomeTaxExpense": "961000000",
            "totalOtherIncomeExpense": "-55000000",
            "discontinuedOperations": "None",
            "netIncomeFromContinuingOperations": "3203000000",
            "netIncomeApplicableToCommonShares": "3125000000",
            "preferredStockAndOtherAdjustments": "None"
        },
        {
            "fiscalDateEnding": "2019-03-31",
            "reportedCurrency": "USD",
            "totalRevenue": "26859000000",
            "totalOperatingExpense": "21677000000",
            "costOfRevenue": "8569000000",
            "grossProfit": "18290000000",
            "ebit": "9178000000",
            "netIncome": "3553000000",
            "researchAndDevelopment": "None",
            "effectOfAccountingCharges": "None",
            "incomeBeforeTax": "4708000000",
            "minorityInterest": "2219000000",
            "sellingGeneralAdministrative": "9737000000",
            "otherNonOperatingIncome": "None",
            "operatingIncome": "5182000000",
            "otherOperatingExpense": "None",
            "interestExpense": "1150000000",
            "taxProvision": "1076000000",
            "interestIncome": "-674000000",
            "netInterestIncome": "-1150000000",
            "extraordinaryItems": "None",
            "nonRecurring": "None",
            "otherItems": "None",
            "incomeTaxExpense": "1076000000",
            "totalOtherIncomeExpense": "676000000",
            "discontinuedOperations": "None",
            "netIncomeFromContinuingOperations": "3632000000",
            "netIncomeApplicableToCommonShares": "3553000000",
            "preferredStockAndOtherAdjustments": "None"
        },
        {
            "fiscalDateEnding": "2018-12-31",
            "reportedCurrency": "USD",
            "totalRevenue": "27846000000",
            "totalOperatingExpense": "23022000000",
            "costOfRevenue": "9252000000",
            "grossProfit": "18594000000",
            "ebit": "4824000000",
            "netIncome": "2511000000",
            "researchAndDevelopment": "0",
            "effectOfAccountingCharges": "0",
            "incomeBeforeTax": "3068000000",
            "minorityInterest": "2205000000",
            "sellingGeneralAdministrative": "10573000000",
            "otherNonOperatingIncome": "None",
            "operatingIncome": "4824000000",
            "otherOperatingExpense": "0",
            "interestExpense": "-1129000000",
            "taxProvision": "None",
            "interestIncome": "None",
            "netInterestIncome": "None",
            "extraordinaryItems": "0",
            "nonRecurring": "0",
            "otherItems": "0",
            "incomeTaxExpense": "486000000",
            "totalOtherIncomeExpense": "-1756000000",
            "discontinuedOperations": "0",
            "netIncomeFromContinuingOperations": "2582000000",
            "netIncomeApplicableToCommonShares": "2511000000",
            "preferredStockAndOtherAdjustments": "None"
        },
        {
            "fiscalDateEnding": "2018-09-30",
            "reportedCurrency": "USD",
            "totalRevenue": "22135000000",
            "totalOperatingExpense": "17432000000",
            "costOfRevenue": "6711000000",
            "grossProfit": "15424000000",
            "ebit": "4703000000",
            "netIncome": "2886000000",
            "researchAndDevelopment": "0",
            "effectOfAccountingCharges": "0",
            "incomeBeforeTax": "3895000000",
            "minorityInterest": "2139000000",
            "sellingGeneralAdministrative": "8103000000",
            "otherNonOperatingIncome": "None",
            "operatingIncome": "4703000000",
            "otherOperatingExpense": "0",
            "interestExpense": "-830000000",
            "taxProvision": "None",
            "interestIncome": "None",
            "netInterestIncome": "None",
            "extraordinaryItems": "0",
            "nonRecurring": "0",
            "otherItems": "0",
            "incomeTaxExpense": "999000000",
            "totalOtherIncomeExpense": "-808000000",
            "discontinuedOperations": "0",
            "netIncomeFromContinuingOperations": "2896000000",
            "netIncomeApplicableToCommonShares": "2886000000",
            "preferredStockAndOtherAdjustments": "None"
        },
        {
            "fiscalDateEnding": "2018-06-30",
            "reportedCurrency": "USD",
            "totalRevenue": "21735000000",
            "totalOperatingExpense": "16921000000",
            "costOfRevenue": "6300000000",
            "grossProfit": "15435000000",
            "ebit": "4814000000",
            "netIncome": "3216000000",
            "researchAndDevelopment": "0",
            "effectOfAccountingCharges": "0",
            "incomeBeforeTax": "4285000000",
            "minorityInterest": "2392000000",
            "sellingGeneralAdministrative": "8018000000",
            "otherNonOperatingIncome": "None",
            "operatingIncome": "4814000000",
            "otherOperatingExpense": "-2599000000",
            "interestExpense": "-806000000",
            "taxProvision": "None",
            "interestIncome": "None",
            "netInterestIncome": "None",
            "extraordinaryItems": "0",
            "nonRecurring": "0",
            "otherItems": "0",
            "incomeTaxExpense": "1077000000",
            "totalOtherIncomeExpense": "-529000000",
            "discontinuedOperations": "0",
            "netIncomeFromContinuingOperations": "3208000000",
            "netIncomeApplicableToCommonShares": "3216000000",
            "preferredStockAndOtherAdjustments": "None"
        },
        {
            "fiscalDateEnding": "2018-03-31",
            "reportedCurrency": "USD",
            "totalRevenue": "22791000000",
            "totalOperatingExpense": "18146000000",
            "costOfRevenue": "15547000000",
            "grossProfit": "15362000000",
            "ebit": "4645000000",
            "netIncome": "3118000000",
            "researchAndDevelopment": "0",
            "effectOfAccountingCharges": "0",
            "incomeBeforeTax": "3994000000",
            "minorityInterest": "58000000",
            "sellingGeneralAdministrative": "8118000000",
            "otherNonOperatingIncome": "None",
            "operatingIncome": "4645000000",
            "otherOperatingExpense": "2599000000",
            "interestExpense": "777000000",
            "taxProvision": "None",
            "interestIncome": "None",
            "netInterestIncome": "None",
            "extraordinaryItems": "0",
            "nonRecurring": "0",
            "otherItems": "0",
            "incomeTaxExpense": "818000000",
            "totalOtherIncomeExpense": "-651000000",
            "discontinuedOperations": "0",
            "netIncomeFromContinuingOperations": "3176000000",
            "netIncomeApplicableToCommonShares": "3118000000",
            "preferredStockAndOtherAdjustments": "None"
        },
        {
            "fiscalDateEnding": "2017-12-31",
            "reportedCurrency": "USD",
            "totalRevenue": "22075000000",
            "totalOperatingExpense": "100891000000",
            "costOfRevenue": "15337000000",
            "grossProfit": "59674000000",
            "ebit": "12670000000",
            "netIncome": "14999000000",
            "researchAndDevelopment": "0",
            "effectOfAccountingCharges": "0",
            "incomeBeforeTax": "3444000000",
            "minorityInterest": "52000000",
            "sellingGeneralAdministrative": "31968000000",
            "otherNonOperatingIncome": "None",
            "operatingIncome": "4129000000",
            "otherOperatingExpense": "7906000000",
            "interestExpense": "807000000",
            "taxProvision": "None",
            "interestIncome": "None",
            "netInterestIncome": "None",
            "extraordinaryItems": "0",
            "nonRecurring": "0",
            "otherItems": "0",
            "incomeTaxExpense": "-8978000000",
            "totalOtherIncomeExpense": "-1527000000",
            "discontinuedOperations": "0",
            "netIncomeFromContinuingOperations": "20038000000",
            "netIncomeApplicableToCommonShares": "14999000000",
            "preferredStockAndOtherAdjustments": "None"
        },
        {
            "fiscalDateEnding": "2017-09-30",
            "reportedCurrency": "USD",
            "totalRevenue": "21081000000",
            "totalOperatingExpense": "-50045000000",
            "costOfRevenue": "13948000000",
            "grossProfit": "0",
            "ebit": "14328000000",
            "netIncome": "2642000000",
            "researchAndDevelopment": "0",
            "effectOfAccountingCharges": "0",
            "incomeBeforeTax": "4083000000",
            "minorityInterest": "32000000",
            "sellingGeneralAdministrative": "0",
            "otherNonOperatingIncome": "None",
            "operatingIncome": "4587000000",
            "otherOperatingExpense": "7292000000",
            "interestExpense": "766000000",
            "taxProvision": "None",
            "interestIncome": "None",
            "netInterestIncome": "None",
            "extraordinaryItems": "0",
            "nonRecurring": "0",
            "otherItems": "0",
            "incomeTaxExpense": "1409000000",
            "totalOtherIncomeExpense": "-37000000",
            "discontinuedOperations": "0",
            "netIncomeFromContinuingOperations": "8155000000",
            "netIncomeApplicableToCommonShares": "2642000000",
            "preferredStockAndOtherAdjustments": "None"
        },
        {
            "fiscalDateEnding": "2017-06-30",
            "reportedCurrency": "USD",
            "totalRevenue": "21286000000",
            "totalOperatingExpense": "16607000000",
            "costOfRevenue": "14211000000",
            "grossProfit": "0",
            "ebit": "-14082000000",
            "netIncome": "2521000000",
            "researchAndDevelopment": "0",
            "effectOfAccountingCharges": "0",
            "incomeBeforeTax": "3909000000",
            "minorityInterest": "21000000",
            "sellingGeneralAdministrative": "0",
            "otherNonOperatingIncome": "None",
            "operatingIncome": "4568000000",
            "otherOperatingExpense": "-7433000000",
            "interestExpense": "758000000",
            "taxProvision": "None",
            "interestIncome": "None",
            "netInterestIncome": "None",
            "extraordinaryItems": "0",
            "nonRecurring": "0",
            "otherItems": "0",
            "incomeTaxExpense": "1367000000",
            "totalOtherIncomeExpense": "-34000000",
            "discontinuedOperations": "0",
            "netIncomeFromContinuingOperations": "-7873000000",
            "netIncomeApplicableToCommonShares": "2521000000",
            "preferredStockAndOtherAdjustments": "None"
        },
        {
            "fiscalDateEnding": "2017-03-31",
            "reportedCurrency": "USD",
            "totalRevenue": "20587000000",
            "totalOperatingExpense": "0",
            "costOfRevenue": "13577000000",
            "grossProfit": "0",
            "ebit": "4660000000",
            "netIncome": "2573000000",
            "researchAndDevelopment": "0",
            "effectOfAccountingCharges": "0",
            "incomeBeforeTax": "3917000000",
            "minorityInterest": "82000000",
            "sellingGeneralAdministrative": "0",
            "otherNonOperatingIncome": "None",
            "operatingIncome": "4542000000",
            "otherOperatingExpense": "2502000000",
            "interestExpense": "755000000",
            "taxProvision": "None",
            "interestIncome": "None",
            "netInterestIncome": "None",
            "extraordinaryItems": "0",
            "nonRecurring": "0",
            "otherItems": "0",
            "incomeTaxExpense": "1262000000",
            "totalOtherIncomeExpense": "-625000000",
            "discontinuedOperations": "0",
            "netIncomeFromContinuingOperations": "2602000000",
            "netIncomeApplicableToCommonShares": "2573000000",
            "preferredStockAndOtherAdjustments": "None"
        },
        {
            "fiscalDateEnding": "2016-12-31",
            "reportedCurrency": "USD",
            "totalRevenue": "21025000000",
            "totalOperatingExpense": "63844000000",
            "costOfRevenue": "14254000000",
            "grossProfit": "56388000000",
            "ebit": "24687000000",
            "netIncome": "2296000000",
            "researchAndDevelopment": "0",
            "effectOfAccountingCharges": "0",
            "incomeBeforeTax": "3736000000",
            "minorityInterest": "121000000",
            "sellingGeneralAdministrative": "30070000000",
            "otherNonOperatingIncome": "None",
            "operatingIncome": "4275000000",
            "otherOperatingExpense": "14330000000",
            "interestExpense": "756000000",
            "taxProvision": "None",
            "interestIncome": "None",
            "netInterestIncome": "None",
            "extraordinaryItems": "0",
            "nonRecurring": "0",
            "otherItems": "0",
            "incomeTaxExpense": "1319000000",
            "totalOtherIncomeExpense": "-2566000000",
            "discontinuedOperations": "0",
            "netIncomeFromContinuingOperations": "12852000000",
            "netIncomeApplicableToCommonShares": "2296000000",
            "preferredStockAndOtherAdjustments": "None"
        },
        {
            "fiscalDateEnding": "2016-09-30",
            "reportedCurrency": "USD",
            "totalRevenue": "21319000000",
            "totalOperatingExpense": "0",
            "costOfRevenue": "14434000000",
            "grossProfit": "0",
            "ebit": "-11885000000",
            "netIncome": "2237000000",
            "researchAndDevelopment": "0",
            "effectOfAccountingCharges": "0",
            "incomeBeforeTax": "3724000000",
            "minorityInterest": "87000000",
            "sellingGeneralAdministrative": "0",
            "otherNonOperatingIncome": "None",
            "operatingIncome": "4490000000",
            "otherOperatingExpense": "-7161000000",
            "interestExpense": "751000000",
            "taxProvision": "None",
            "interestIncome": "None",
            "netInterestIncome": "None",
            "extraordinaryItems": "0",
            "nonRecurring": "0",
            "otherItems": "0",
            "incomeTaxExpense": "1400000000",
            "totalOtherIncomeExpense": "0",
            "discontinuedOperations": "0",
            "netIncomeFromContinuingOperations": "-5833000000",
            "netIncomeApplicableToCommonShares": "2237000000",
            "preferredStockAndOtherAdjustments": "None"
        },
        {
            "fiscalDateEnding": "2016-06-30",
            "reportedCurrency": "USD",
            "totalRevenue": "19269000000",
            "totalOperatingExpense": "0",
            "costOfRevenue": "12814000000",
            "grossProfit": "0",
            "ebit": "4090000000",
            "netIncome": "2028000000",
            "researchAndDevelopment": "0",
            "effectOfAccountingCharges": "0",
            "incomeBeforeTax": "3358000000",
            "minorityInterest": "52000000",
            "sellingGeneralAdministrative": "0",
            "otherNonOperatingIncome": "None",
            "operatingIncome": "4066000000",
            "otherOperatingExpense": "2389000000",
            "interestExpense": "732000000",
            "taxProvision": "None",
            "interestIncome": "None",
            "netInterestIncome": "None",
            "extraordinaryItems": "0",
            "nonRecurring": "0",
            "otherItems": "0",
            "incomeTaxExpense": "1278000000",
            "totalOtherIncomeExpense": "0",
            "discontinuedOperations": "0",
            "netIncomeFromContinuingOperations": "2009000000",
            "netIncomeApplicableToCommonShares": "2028000000",
            "preferredStockAndOtherAdjustments": "None"
        },
        {
            "fiscalDateEnding": "2016-03-31",
            "reportedCurrency": "USD",
            "totalRevenue": "18790000000",
            "totalOperatingExpense": "0",
            "costOfRevenue": "12423000000",
            "grossProfit": "0",
            "ebit": "0",
            "netIncome": "2134000000",
            "researchAndDevelopment": "0",
            "effectOfAccountingCharges": "0",
            "incomeBeforeTax": "3535000000",
            "minorityInterest": "90000000",
            "sellingGeneralAdministrative": "0",
            "otherNonOperatingIncome": "None",
            "operatingIncome": "4089000000",
            "otherOperatingExpense": "0",
            "interestExpense": "703000000",
            "taxProvision": "None",
            "interestIncome": "None",
            "netInterestIncome": "None",
            "extraordinaryItems": "0",
            "nonRecurring": "0",
            "otherItems": "0",
            "incomeTaxExpense": "1311000000",
            "totalOtherIncomeExpense": "0",
            "discontinuedOperations": "0",
            "netIncomeFromContinuingOperations": "0",
            "netIncomeApplicableToCommonShares": "2134000000",
            "preferredStockAndOtherAdjustments": "None"
        },
        {
            "fiscalDateEnding": "2015-12-31",
            "reportedCurrency": "USD",
            "totalRevenue": "19245000000",
            "totalOperatingExpense": "58512000000",
            "costOfRevenue": "12973000000",
            "grossProfit": "51960000000",
            "ebit": "15998000000",
            "netIncome": "1971000000",
            "researchAndDevelopment": "0",
            "effectOfAccountingCharges": "0",
            "incomeBeforeTax": "3218000000",
            "minorityInterest": "85000000",
            "sellingGeneralAdministrative": "27282000000",
            "otherNonOperatingIncome": "None",
            "operatingIncome": "4002000000",
            "otherOperatingExpense": "8680000000",
            "interestExpense": "674000000",
            "taxProvision": "None",
            "interestIncome": "None",
            "netInterestIncome": "None",
            "extraordinaryItems": "0",
            "nonRecurring": "0",
            "otherItems": "0",
            "incomeTaxExpense": "1162000000",
            "totalOtherIncomeExpense": "-2626000000",
            "discontinuedOperations": "0",
            "netIncomeFromContinuingOperations": "8413000000",
            "netIncomeApplicableToCommonShares": "1971000000",
            "preferredStockAndOtherAdjustments": "None"
        },
        {
            "fiscalDateEnding": "2015-09-30",
            "reportedCurrency": "USD",
            "totalRevenue": "18669000000",
            "totalOperatingExpense": "0",
            "costOfRevenue": "12485000000",
            "grossProfit": "0",
            "ebit": "0",
            "netIncome": "1996000000",
            "researchAndDevelopment": "0",
            "effectOfAccountingCharges": "0",
            "incomeBeforeTax": "3264000000",
            "minorityInterest": "45000000",
            "sellingGeneralAdministrative": "0",
            "otherNonOperatingIncome": "None",
            "operatingIncome": "4001000000",
            "otherOperatingExpense": "0",
            "interestExpense": "659000000",
            "taxProvision": "None",
            "interestIncome": "None",
            "netInterestIncome": "None",
            "extraordinaryItems": "0",
            "nonRecurring": "0",
            "otherItems": "0",
            "incomeTaxExpense": "1223000000",
            "totalOtherIncomeExpense": "0",
            "discontinuedOperations": "0",
            "netIncomeFromContinuingOperations": "0",
            "netIncomeApplicableToCommonShares": "1996000000",
            "preferredStockAndOtherAdjustments": "None"
        },
        {
            "fiscalDateEnding": "2015-06-30",
            "reportedCurrency": "USD",
            "totalRevenue": "18743000000",
            "totalOperatingExpense": "0",
            "costOfRevenue": "12398000000",
            "grossProfit": "0",
            "ebit": "0",
            "netIncome": "2137000000",
            "researchAndDevelopment": "0",
            "effectOfAccountingCharges": "0",
            "incomeBeforeTax": "3488000000",
            "minorityInterest": "38000000",
            "sellingGeneralAdministrative": "0",
            "otherNonOperatingIncome": "None",
            "operatingIncome": "4204000000",
            "otherOperatingExpense": "0",
            "interestExpense": "666000000",
            "taxProvision": "None",
            "interestIncome": "None",
            "netInterestIncome": "None",
            "extraordinaryItems": "0",
            "nonRecurring": "0",
            "otherItems": "0",
            "incomeTaxExpense": "1313000000",
            "totalOtherIncomeExpense": "0",
            "discontinuedOperations": "0",
            "netIncomeFromContinuingOperations": "0",
            "netIncomeApplicableToCommonShares": "2137000000",
            "preferredStockAndOtherAdjustments": "None"
        }
    ]
}