{
    "symbol": "CRM",
    "annualReports": [
        {
            "fiscalDateEnding": "2020-01-31",
            "reportedCurrency": "USD",
            "totalRevenue": "17098000000",
            "totalOperatingExpense": "12566000000",
            "costOfRevenue": "4235000000",
            "grossProfit": "12863000000",
            "ebit": "279000000",
            "netIncome": "126000000",
            "researchAndDevelopment": "2766000000",
            "effectOfAccountingCharges": "None",
            "incomeBeforeTax": "706000000",
            "minorityInterest": "None",
            "sellingGeneralAdministrative": "9634000000",
            "otherNonOperatingIncome": "-18000000",
            "operatingIncome": "297000000",
            "otherOperatingExpense": "166000000",
            "interestExpense": "-131000000",
            "taxProvision": "580000000",
            "interestIncome": "415000000",
            "netInterestIncome": "None",
            "extraordinaryItems": "-6000000",
            "nonRecurring": "None",
            "otherItems": "None",
            "incomeTaxExpense": "580000000",
            "totalOtherIncomeExpense": "243000000",
            "discontinuedOperations": "None",
            "netIncomeFromContinuingOperations": "126000000",
            "netIncomeApplicableToCommonShares": "126000000",
            "preferredStockAndOtherAdjustments": "None"
        },
        {
            "fiscalDateEnding": "2019-01-31",
            "reportedCurrency": "USD",
            "totalRevenue": "13282000000",
            "totalOperatingExpense": "12747000000",
            "costOfRevenue": "3451000000",
            "grossProfit": "9831000000",
            "ebit": "2099000000",
            "netIncome": "1110000000",
            "researchAndDevelopment": "1886000000",
            "effectOfAccountingCharges": "None",
            "incomeBeforeTax": "983000000",
            "minorityInterest": "None",
            "sellingGeneralAdministrative": "7410000000",
            "otherNonOperatingIncome": "602000000",
            "operatingIncome": "535000000",
            "otherOperatingExpense": "None",
            "interestExpense": "154000000",
            "taxProvision": "-127000000",
            "interestIncome": "61000000",
            "netInterestIncome": "-93000000",
            "extraordinaryItems": "-43000000",
            "nonRecurring": "None",
            "otherItems": "None",
            "incomeTaxExpense": "-127000000",
            "totalOtherIncomeExpense": "541000000",
            "discontinuedOperations": "None",
            "netIncomeFromContinuingOperations": "1110000000",
            "netIncomeApplicableToCommonShares": "1110000000",
            "preferredStockAndOtherAdjustments": "None"
        },
        {
            "fiscalDateEnding": "2018-01-31",
            "reportedCurrency": "USD",
            "totalRevenue": "10480012000",
            "totalOperatingExpense": "10244244000",
            "costOfRevenue": "2773522000",
            "grossProfit": "7706490000",
            "ebit": "1041651000",
            "netIncome": "127478000",
            "researchAndDevelopment": "1553073000",
            "effectOfAccountingCharges": "None",
            "incomeBeforeTax": "202108000",
            "minorityInterest": "None",
            "sellingGeneralAdministrative": "5917649000",
            "otherNonOperatingIncome": "53283000",
            "operatingIncome": "235768000",
            "otherOperatingExpense": "None",
            "interestExpense": "86943000",
            "taxProvision": "74630000",
            "interestIncome": "36480000",
            "netInterestIncome": "-50463000",
            "extraordinaryItems": "-126000000",
            "nonRecurring": "None",
            "otherItems": "None",
            "incomeTaxExpense": "60000000",
            "totalOtherIncomeExpense": "16803000",
            "discontinuedOperations": "None",
            "netIncomeFromContinuingOperations": "127478000",
            "netIncomeApplicableToCommonShares": "360000000",
            "preferredStockAndOtherAdjustments": "None"
        },
        {
            "fiscalDateEnding": "2017-01-31",
            "reportedCurrency": "USD",
            "totalRevenue": "8391984000",
            "totalOperatingExpense": "8327756000",
            "costOfRevenue": "2234039000",
            "grossProfit": "6157945000",
            "ebit": "746616000",
            "netIncome": "179632000",
            "researchAndDevelopment": "1208127000",
            "effectOfAccountingCharges": "None",
            "incomeBeforeTax": "25383000",
            "minorityInterest": "None",
            "sellingGeneralAdministrative": "4885590000",
            "otherNonOperatingIncome": "50143000",
            "operatingIncome": "64228000",
            "otherOperatingExpense": "None",
            "interestExpense": "88988000",
            "taxProvision": "-154249000",
            "interestIncome": "21901000",
            "netInterestIncome": "-67087000",
            "extraordinaryItems": "None",
            "nonRecurring": "None",
            "otherItems": "None",
            "incomeTaxExpense": "-144000000",
            "totalOtherIncomeExpense": "28242000",
            "discontinuedOperations": "None",
            "netIncomeFromContinuingOperations": "179632000",
            "netIncomeApplicableToCommonShares": "323000000",
            "preferredStockAndOtherAdjustments": "None"
        },
        {
            "fiscalDateEnding": "2016-01-31",
            "reportedCurrency": "USD",
            "totalRevenue": "6667216000",
            "totalOperatingExpense": "4897745000",
            "costOfRevenue": "1654548000",
            "grossProfit": "5012668000",
            "ebit": "136764000",
            "netIncome": "-47426000",
            "researchAndDevelopment": "946300000",
            "effectOfAccountingCharges": "None",
            "incomeBeforeTax": "64279000",
            "minorityInterest": "None",
            "sellingGeneralAdministrative": "3951445000",
            "otherNonOperatingIncome": "21841000",
            "operatingIncome": "114923000",
            "otherOperatingExpense": "None",
            "interestExpense": "72485000",
            "taxProvision": "111705000",
            "interestIncome": "-82930000",
            "netInterestIncome": "None",
            "extraordinaryItems": "None",
            "nonRecurring": "None",
            "otherItems": "None",
            "incomeTaxExpense": "111705000",
            "totalOtherIncomeExpense": "-14027000",
            "discontinuedOperations": "None",
            "netIncomeFromContinuingOperations": "-47426000",
            "netIncomeApplicableToCommonShares": "-47426000",
            "preferredStockAndOtherAdjustments": "None"
        }
    ],
    "quarterlyReports": [
        {
            "fiscalDateEnding": "2020-07-31",
            "reportedCurrency": "USD",
            "totalRevenue": "5151000000",
            "totalOperatingExpense": "4973000000",
            "costOfRevenue": "1311000000",
            "grossProfit": "3840000000",
            "ebit": "827000000",
            "netIncome": "2625000000",
            "researchAndDevelopment": "898000000",
            "effectOfAccountingCharges": "None",
            "incomeBeforeTax": "839000000",
            "minorityInterest": "None",
            "sellingGeneralAdministrative": "2646000000",
            "otherNonOperatingIncome": "None",
            "operatingIncome": "178000000",
            "otherOperatingExpense": "None",
            "interestExpense": "None",
            "taxProvision": "214000000",
            "interestIncome": "676000000",
            "netInterestIncome": "None",
            "extraordinaryItems": "2000000000",
            "nonRecurring": "None",
            "otherItems": "None",
            "incomeTaxExpense": "-1786000000",
            "totalOtherIncomeExpense": "661000000",
            "discontinuedOperations": "None",
            "netIncomeFromContinuingOperations": "2625000000",
            "netIncomeApplicableToCommonShares": "2625000000",
            "preferredStockAndOtherAdjustments": "None"
        },
        {
            "fiscalDateEnding": "2020-04-30",
            "reportedCurrency": "USD",
            "totalRevenue": "4865000000",
            "totalOperatingExpense": "3751000000",
            "costOfRevenue": "1254000000",
            "grossProfit": "3611000000",
            "ebit": "-145000000",
            "netIncome": "99000000",
            "researchAndDevelopment": "859000000",
            "effectOfAccountingCharges": "None",
            "incomeBeforeTax": "47000000",
            "minorityInterest": "None",
            "sellingGeneralAdministrative": "2892000000",
            "otherNonOperatingIncome": "-5000000",
            "operatingIncome": "-140000000",
            "otherOperatingExpense": "None",
            "interestExpense": "None",
            "taxProvision": "-52000000",
            "interestIncome": "195000000",
            "netInterestIncome": "None",
            "extraordinaryItems": "None",
            "nonRecurring": "None",
            "otherItems": "None",
            "incomeTaxExpense": "-52000000",
            "totalOtherIncomeExpense": "187000000",
            "discontinuedOperations": "None",
            "netIncomeFromContinuingOperations": "99000000",
            "netIncomeApplicableToCommonShares": "99000000",
            "preferredStockAndOtherAdjustments": "None"
        },
        {
            "fiscalDateEnding": "2020-01-31",
            "reportedCurrency": "USD",
            "totalRevenue": "4851000000",
            "totalOperatingExpense": "3667000000",
            "costOfRevenue": "1220000000",
            "grossProfit": "3631000000",
            "ebit": "-35000000",
            "netIncome": "-248000000",
            "researchAndDevelopment": "831000000",
            "effectOfAccountingCharges": "None",
            "incomeBeforeTax": "-4000000",
            "minorityInterest": "None",
            "sellingGeneralAdministrative": "2836000000",
            "otherNonOperatingIncome": "1000000",
            "operatingIncome": "-36000000",
            "otherOperatingExpense": "None",
            "interestExpense": "-30000000",
            "taxProvision": "244000000",
            "interestIncome": "30000000",
            "netInterestIncome": "None",
            "extraordinaryItems": "-6000000",
            "nonRecurring": "None",
            "otherItems": "None",
            "incomeTaxExpense": "244000000",
            "totalOtherIncomeExpense": "32000000",
            "discontinuedOperations": "None",
            "netIncomeFromContinuingOperations": "-248000000",
            "netIncomeApplicableToCommonShares": "-248000000",
            "preferredStockAndOtherAdjustments": "None"
        },
        {
            "fiscalDateEnding": "2019-10-31",
            "reportedCurrency": "USD",
            "totalRevenue": "4513000000",
            "totalOperatingExpense": "4448000000",
            "costOfRevenue": "1134000000",
            "grossProfit": "3379000000",
            "ebit": "673000000",
            "netIncome": "-109000000",
            "researchAndDevelopment": "774000000",
            "effectOfAccountingCharges": "None",
            "incomeBeforeTax": "64000000",
            "minorityInterest": "None",
            "sellingGeneralAdministrative": "2540000000",
            "otherNonOperatingIncome": "-7000000",
            "operatingIncome": "65000000",
            "otherOperatingExpense": "None",
            "interestExpense": "-32000000",
            "taxProvision": "173000000",
            "interestIncome": "7000000",
            "netInterestIncome": "None",
            "extraordinaryItems": "None",
            "nonRecurring": "None",
            "otherItems": "None",
            "incomeTaxExpense": "173000000",
            "totalOtherIncomeExpense": "-1000000",
            "discontinuedOperations": "None",
            "netIncomeFromContinuingOperations": "-109000000",
            "netIncomeApplicableToCommonShares": "-109000000",
            "preferredStockAndOtherAdjustments": "None"
        },
        {
            "fiscalDateEnding": "2019-07-31",
            "reportedCurrency": "USD",
            "totalRevenue": "3997000000",
            "totalOperatingExpense": "3773000000",
            "costOfRevenue": "967000000",
            "grossProfit": "3030000000",
            "ebit": "655000000",
            "netIncome": "91000000",
            "researchAndDevelopment": "607000000",
            "effectOfAccountingCharges": "None",
            "incomeBeforeTax": "164000000",
            "minorityInterest": "None",
            "sellingGeneralAdministrative": "2199000000",
            "otherNonOperatingIncome": "-3000000",
            "operatingIncome": "224000000",
            "otherOperatingExpense": "166000000",
            "interestExpense": "34000000",
            "taxProvision": "73000000",
            "interestIncome": "31000000",
            "netInterestIncome": "-3000000",
            "extraordinaryItems": "None",
            "nonRecurring": "None",
            "otherItems": "None",
            "incomeTaxExpense": "73000000",
            "totalOtherIncomeExpense": "-57000000",
            "discontinuedOperations": "None",
            "netIncomeFromContinuingOperations": "91000000",
            "netIncomeApplicableToCommonShares": "91000000",
            "preferredStockAndOtherAdjustments": "None"
        },
        {
            "fiscalDateEnding": "2019-04-30",
            "reportedCurrency": "USD",
            "totalRevenue": "3737000000",
            "totalOperatingExpense": "2613000000",
            "costOfRevenue": "914000000",
            "grossProfit": "2823000000",
            "ebit": "201000000",
            "netIncome": "392000000",
            "researchAndDevelopment": "554000000",
            "effectOfAccountingCharges": "None",
            "incomeBeforeTax": "482000000",
            "minorityInterest": "None",
            "sellingGeneralAdministrative": "2059000000",
            "otherNonOperatingIncome": "-9000000",
            "operatingIncome": "210000000",
            "otherOperatingExpense": "None",
            "interestExpense": "-35000000",
            "taxProvision": "90000000",
            "interestIncome": "272000000",
            "netInterestIncome": "None",
            "extraordinaryItems": "None",
            "nonRecurring": "None",
            "otherItems": "None",
            "incomeTaxExpense": "90000000",
            "totalOtherIncomeExpense": "272000000",
            "discontinuedOperations": "None",
            "netIncomeFromContinuingOperations": "392000000",
            "netIncomeApplicableToCommonShares": "392000000",
            "preferredStockAndOtherAdjustments": "None"
        },
        {
            "fiscalDateEnding": "2019-01-31",
            "reportedCurrency": "USD",
            "totalRevenue": "3603000000",
            "totalOperatingExpense": "2520000000",
            "costOfRevenue": "946000000",
            "grossProfit": "2657000000",
            "ebit": "280000000",
            "netIncome": "362000000",
            "researchAndDevelopment": "518000000",
            "effectOfAccountingCharges": "0",
            "incomeBeforeTax": "239000000",
            "minorityInterest": "0",
            "sellingGeneralAdministrative": "2002000000",
            "otherNonOperatingIncome": "143000000",
            "operatingIncome": "137000000",
            "otherOperatingExpense": "0",
            "interestExpense": "41000000",
            "taxProvision": "-166000000",
            "interestIncome": "None",
            "netInterestIncome": "None",
            "extraordinaryItems": "-43000000",
            "nonRecurring": "0",
            "otherItems": "0",
            "incomeTaxExpense": "-123000000",
            "totalOtherIncomeExpense": "127000000",
            "discontinuedOperations": "0",
            "netIncomeFromContinuingOperations": "362000000",
            "netIncomeApplicableToCommonShares": "362000000",
            "preferredStockAndOtherAdjustments": "None"
        },
        {
            "fiscalDateEnding": "2018-10-31",
            "reportedCurrency": "USD",
            "totalRevenue": "3392000000",
            "totalOperatingExpense": "2411000000",
            "costOfRevenue": "889000000",
            "grossProfit": "2503000000",
            "ebit": "168000000",
            "netIncome": "105000000",
            "researchAndDevelopment": "481000000",
            "effectOfAccountingCharges": "0",
            "incomeBeforeTax": "128000000",
            "minorityInterest": "0",
            "sellingGeneralAdministrative": "1930000000",
            "otherNonOperatingIncome": "76000000",
            "operatingIncome": "92000000",
            "otherOperatingExpense": "0",
            "interestExpense": "40000000",
            "taxProvision": "None",
            "interestIncome": "None",
            "netInterestIncome": "None",
            "extraordinaryItems": "0",
            "nonRecurring": "0",
            "otherItems": "0",
            "incomeTaxExpense": "23000000",
            "totalOtherIncomeExpense": "36000000",
            "discontinuedOperations": "0",
            "netIncomeFromContinuingOperations": "105000000",
            "netIncomeApplicableToCommonShares": "105000000",
            "preferredStockAndOtherAdjustments": "None"
        },
        {
            "fiscalDateEnding": "2018-07-31",
            "reportedCurrency": "USD",
            "totalRevenue": "3281000000",
            "totalOperatingExpense": "2317000000",
            "costOfRevenue": "849000000",
            "grossProfit": "2432000000",
            "ebit": "270000000",
            "netIncome": "299000000",
            "researchAndDevelopment": "463000000",
            "effectOfAccountingCharges": "0",
            "incomeBeforeTax": "231000000",
            "minorityInterest": "0",
            "sellingGeneralAdministrative": "1854000000",
            "otherNonOperatingIncome": "155000000",
            "operatingIncome": "115000000",
            "otherOperatingExpense": "0",
            "interestExpense": "39000000",
            "taxProvision": "None",
            "interestIncome": "None",
            "netInterestIncome": "None",
            "extraordinaryItems": "0",
            "nonRecurring": "0",
            "otherItems": "0",
            "incomeTaxExpense": "-68000000",
            "totalOtherIncomeExpense": "116000000",
            "discontinuedOperations": "0",
            "netIncomeFromContinuingOperations": "299000000",
            "netIncomeApplicableToCommonShares": "299000000",
            "preferredStockAndOtherAdjustments": "None"
        },
        {
            "fiscalDateEnding": "2018-04-30",
            "reportedCurrency": "USD",
            "totalRevenue": "3006000000",
            "totalOperatingExpense": "2048000000",
            "costOfRevenue": "767000000",
            "grossProfit": "2239000000",
            "ebit": "419000000",
            "netIncome": "344000000",
            "researchAndDevelopment": "424000000",
            "effectOfAccountingCharges": "0",
            "incomeBeforeTax": "385000000",
            "minorityInterest": "0",
            "sellingGeneralAdministrative": "1624000000",
            "otherNonOperatingIncome": "228000000",
            "operatingIncome": "191000000",
            "otherOperatingExpense": "0",
            "interestExpense": "34000000",
            "taxProvision": "None",
            "interestIncome": "None",
            "netInterestIncome": "None",
            "extraordinaryItems": "0",
            "nonRecurring": "0",
            "otherItems": "0",
            "incomeTaxExpense": "41000000",
            "totalOtherIncomeExpense": "189000000",
            "discontinuedOperations": "0",
            "netIncomeFromContinuingOperations": "344000000",
            "netIncomeApplicableToCommonShares": "344000000",
            "preferredStockAndOtherAdjustments": "None"
        },
        {
            "fiscalDateEnding": "2018-01-31",
            "reportedCurrency": "USD",
            "totalRevenue": "2851003000",
            "totalOperatingExpense": "2035342000",
            "costOfRevenue": "737792000",
            "grossProfit": "2113211000",
            "ebit": "109778000",
            "netIncome": "67555000",
            "researchAndDevelopment": "396547000",
            "effectOfAccountingCharges": "0",
            "incomeBeforeTax": "88217000",
            "minorityInterest": "0",
            "sellingGeneralAdministrative": "1638795000",
            "otherNonOperatingIncome": "31909000",
            "operatingIncome": "77869000",
            "otherOperatingExpense": "0",
            "interestExpense": "21561000",
            "taxProvision": "None",
            "interestIncome": "None",
            "netInterestIncome": "None",
            "extraordinaryItems": "0",
            "nonRecurring": "0",
            "otherItems": "0",
            "incomeTaxExpense": "20662000",
            "totalOtherIncomeExpense": "-33660000",
            "discontinuedOperations": "0",
            "netIncomeFromContinuingOperations": "67555000",
            "netIncomeApplicableToCommonShares": "67555000",
            "preferredStockAndOtherAdjustments": "None"
        },
        {
            "fiscalDateEnding": "2017-10-31",
            "reportedCurrency": "USD",
            "totalRevenue": "2679841000",
            "totalOperatingExpense": "1849345000",
            "costOfRevenue": "714508000",
            "grossProfit": "1965333000",
            "ebit": "127958000",
            "netIncome": "51394000",
            "researchAndDevelopment": "393998000",
            "effectOfAccountingCharges": "0",
            "incomeBeforeTax": "106401000",
            "minorityInterest": "0",
            "sellingGeneralAdministrative": "1455347000",
            "otherNonOperatingIncome": "11970000",
            "operatingIncome": "115988000",
            "otherOperatingExpense": "0",
            "interestExpense": "21557000",
            "taxProvision": "None",
            "interestIncome": "None",
            "netInterestIncome": "None",
            "extraordinaryItems": "0",
            "nonRecurring": "0",
            "otherItems": "0",
            "incomeTaxExpense": "55007000",
            "totalOtherIncomeExpense": "0",
            "discontinuedOperations": "0",
            "netIncomeFromContinuingOperations": "51394000",
            "netIncomeApplicableToCommonShares": "51394000",
            "preferredStockAndOtherAdjustments": "None"
        },
        {
            "fiscalDateEnding": "2017-07-31",
            "reportedCurrency": "USD",
            "totalRevenue": "2561589000",
            "totalOperatingExpense": "1840129000",
            "costOfRevenue": "670667000",
            "grossProfit": "1890922000",
            "ebit": "52082000",
            "netIncome": "17736000",
            "researchAndDevelopment": "386447000",
            "effectOfAccountingCharges": "0",
            "incomeBeforeTax": "30453000",
            "minorityInterest": "0",
            "sellingGeneralAdministrative": "1453682000",
            "otherNonOperatingIncome": "1289000",
            "operatingIncome": "50793000",
            "otherOperatingExpense": "0",
            "interestExpense": "21629000",
            "taxProvision": "None",
            "interestIncome": "None",
            "netInterestIncome": "None",
            "extraordinaryItems": "0",
            "nonRecurring": "0",
            "otherItems": "0",
            "incomeTaxExpense": "12717000",
            "totalOtherIncomeExpense": "0",
            "discontinuedOperations": "0",
            "netIncomeFromContinuingOperations": "17736000",
            "netIncomeApplicableToCommonShares": "17736000",
            "preferredStockAndOtherAdjustments": "None"
        },
        {
            "fiscalDateEnding": "2017-04-30",
            "reportedCurrency": "USD",
            "totalRevenue": "2387579000",
            "totalOperatingExpense": "1745906000",
            "costOfRevenue": "650555000",
            "grossProfit": "1737024000",
            "ebit": "-767000",
            "netIncome": "-9207000",
            "researchAndDevelopment": "376081000",
            "effectOfAccountingCharges": "0",
            "incomeBeforeTax": "-22963000",
            "minorityInterest": "0",
            "sellingGeneralAdministrative": "1369825000",
            "otherNonOperatingIncome": "8115000",
            "operatingIncome": "-8882000",
            "otherOperatingExpense": "0",
            "interestExpense": "22196000",
            "taxProvision": "None",
            "interestIncome": "None",
            "netInterestIncome": "None",
            "extraordinaryItems": "0",
            "nonRecurring": "0",
            "otherItems": "0",
            "incomeTaxExpense": "-13756000",
            "totalOtherIncomeExpense": "0",
            "discontinuedOperations": "0",
            "netIncomeFromContinuingOperations": "-9207000",
            "netIncomeApplicableToCommonShares": "-9207000",
            "preferredStockAndOtherAdjustments": "None"
        },
        {
            "fiscalDateEnding": "2017-01-31",
            "reportedCurrency": "USD",
            "totalRevenue": "2293988000",
            "totalOperatingExpense": "1691376000",
            "costOfRevenue": "625957000",
            "grossProfit": "1668031000",
            "ebit": "854000",
            "netIncome": "-51440000",
            "researchAndDevelopment": "344192000",
            "effectOfAccountingCharges": "0",
            "incomeBeforeTax": "-23469000",
            "minorityInterest": "0",
            "sellingGeneralAdministrative": "1347184000",
            "otherNonOperatingIncome": "24199000",
            "operatingIncome": "-23345000",
            "otherOperatingExpense": "0",
            "interestExpense": "24323000",
            "taxProvision": "None",
            "interestIncome": "None",
            "netInterestIncome": "None",
            "extraordinaryItems": "0",
            "nonRecurring": "0",
            "otherItems": "0",
            "incomeTaxExpense": "27971000",
            "totalOtherIncomeExpense": "-54345000",
            "discontinuedOperations": "0",
            "netIncomeFromContinuingOperations": "-51440000",
            "netIncomeApplicableToCommonShares": "-51440000",
            "preferredStockAndOtherAdjustments": "None"
        },
        {
            "fiscalDateEnding": "2016-10-31",
            "reportedCurrency": "USD",
            "totalRevenue": "2144775000",
            "totalOperatingExpense": "1556217000",
            "costOfRevenue": "585522000",
            "grossProfit": "1559253000",
            "ebit": "9360000",
            "netIncome": "-37309000",
            "researchAndDevelopment": "311459000",
            "effectOfAccountingCharges": "0",
            "incomeBeforeTax": "-12586000",
            "minorityInterest": "0",
            "sellingGeneralAdministrative": "1244758000",
            "otherNonOperatingIncome": "6324000",
            "operatingIncome": "3036000",
            "otherOperatingExpense": "0",
            "interestExpense": "21946000",
            "taxProvision": "None",
            "interestIncome": "None",
            "netInterestIncome": "None",
            "extraordinaryItems": "0",
            "nonRecurring": "0",
            "otherItems": "0",
            "incomeTaxExpense": "24723000",
            "totalOtherIncomeExpense": "0",
            "discontinuedOperations": "0",
            "netIncomeFromContinuingOperations": "-37309000",
            "netIncomeApplicableToCommonShares": "-37309000",
            "preferredStockAndOtherAdjustments": "None"
        },
        {
            "fiscalDateEnding": "2016-07-31",
            "reportedCurrency": "USD",
            "totalRevenue": "2036618000",
            "totalOperatingExpense": "1478488000",
            "costOfRevenue": "525579000",
            "grossProfit": "1511039000",
            "ebit": "44991000",
            "netIncome": "229622000",
            "researchAndDevelopment": "291506000",
            "effectOfAccountingCharges": "0",
            "incomeBeforeTax": "24283000",
            "minorityInterest": "0",
            "sellingGeneralAdministrative": "1186982000",
            "otherNonOperatingIncome": "12440000",
            "operatingIncome": "32551000",
            "otherOperatingExpense": "0",
            "interestExpense": "20708000",
            "taxProvision": "None",
            "interestIncome": "None",
            "netInterestIncome": "None",
            "extraordinaryItems": "0",
            "nonRecurring": "0",
            "otherItems": "0",
            "incomeTaxExpense": "-205339000",
            "totalOtherIncomeExpense": "0",
            "discontinuedOperations": "0",
            "netIncomeFromContinuingOperations": "229622000",
            "netIncomeApplicableToCommonShares": "229622000",
            "preferredStockAndOtherAdjustments": "None"
        },
        {
            "fiscalDateEnding": "2016-04-30",
            "reportedCurrency": "USD",
            "totalRevenue": "1916603000",
            "totalOperatingExpense": "1367636000",
            "costOfRevenue": "496981000",
            "grossProfit": "1419622000",
            "ebit": "59166000",
            "netIncome": "38759000",
            "researchAndDevelopment": "260970000",
            "effectOfAccountingCharges": "0",
            "incomeBeforeTax": "37155000",
            "minorityInterest": "0",
            "sellingGeneralAdministrative": "1106666000",
            "otherNonOperatingIncome": "7180000",
            "operatingIncome": "51986000",
            "otherOperatingExpense": "0",
            "interestExpense": "22011000",
            "taxProvision": "None",
            "interestIncome": "None",
            "netInterestIncome": "None",
            "extraordinaryItems": "0",
            "nonRecurring": "0",
            "otherItems": "0",
            "incomeTaxExpense": "-1604000",
            "totalOtherIncomeExpense": "0",
            "discontinuedOperations": "0",
            "netIncomeFromContinuingOperations": "38759000",
            "netIncomeApplicableToCommonShares": "38759000",
            "preferredStockAndOtherAdjustments": "None"
        },
        {
            "fiscalDateEnding": "2016-01-31",
            "reportedCurrency": "USD",
            "totalRevenue": "1809398000",
            "totalOperatingExpense": "1345159000",
            "costOfRevenue": "443679000",
            "grossProfit": "1365719000",
            "ebit": "15322000",
            "netIncome": "-25509000",
            "researchAndDevelopment": "250860000",
            "effectOfAccountingCharges": "0",
            "incomeBeforeTax": "-4143000",
            "minorityInterest": "0",
            "sellingGeneralAdministrative": "1094299000",
            "otherNonOperatingIncome": "-5238000",
            "operatingIncome": "20560000",
            "otherOperatingExpense": "0",
            "interestExpense": "19465000",
            "taxProvision": "None",
            "interestIncome": "None",
            "netInterestIncome": "None",
            "extraordinaryItems": "0",
            "nonRecurring": "0",
            "otherItems": "0",
            "incomeTaxExpense": "21366000",
            "totalOtherIncomeExpense": "-14027000",
            "discontinuedOperations": "0",
            "netIncomeFromContinuingOperations": "-25509000",
            "netIncomeApplicableToCommonShares": "-25509000",
            "preferredStockAndOtherAdjustments": "None"
        },
        {
            "fiscalDateEnding": "2015-10-31",
            "reportedCurrency": "USD",
            "totalRevenue": "1711967000",
            "totalOperatingExpense": "1244850000",
            "costOfRevenue": "423683000",
            "grossProfit": "1288284000",
            "ebit": "61640000",
            "netIncome": "-25157000",
            "researchAndDevelopment": "239212000",
            "effectOfAccountingCharges": "0",
            "incomeBeforeTax": "43391000",
            "minorityInterest": "0",
            "sellingGeneralAdministrative": "1005638000",
            "otherNonOperatingIncome": "18206000",
            "operatingIncome": "43434000",
            "otherOperatingExpense": "0",
            "interestExpense": "18249000",
            "taxProvision": "None",
            "interestIncome": "None",
            "netInterestIncome": "None",
            "extraordinaryItems": "0",
            "nonRecurring": "0",
            "otherItems": "0",
            "incomeTaxExpense": "68548000",
            "totalOtherIncomeExpense": "0",
            "discontinuedOperations": "0",
            "netIncomeFromContinuingOperations": "-25157000",
            "netIncomeApplicableToCommonShares": "-25157000",
            "preferredStockAndOtherAdjustments": "None"
        },
        {
            "fiscalDateEnding": "2015-07-31",
            "reportedCurrency": "USD",
            "totalRevenue": "1634684000",
            "totalOperatingExpense": "1209476000",
            "costOfRevenue": "405384000",
            "grossProfit": "1229300000",
            "ebit": "25054000",
            "netIncome": "-852000",
            "researchAndDevelopment": "234100000",
            "effectOfAccountingCharges": "0",
            "incomeBeforeTax": "6958000",
            "minorityInterest": "0",
            "sellingGeneralAdministrative": "975376000",
            "otherNonOperatingIncome": "5230000",
            "operatingIncome": "19824000",
            "otherOperatingExpense": "0",
            "interestExpense": "18096000",
            "taxProvision": "None",
            "interestIncome": "None",
            "netInterestIncome": "None",
            "extraordinaryItems": "0",
            "nonRecurring": "0",
            "otherItems": "0",
            "incomeTaxExpense": "7810000",
            "totalOtherIncomeExpense": "0",
            "discontinuedOperations": "0",
            "netIncomeFromContinuingOperations": "-852000",
            "netIncomeApplicableToCommonShares": "-852000",
            "preferredStockAndOtherAdjustments": "None"
        }
    ]
}