{
    "symbol": "INTC",
    "annualReports": [
        {
            "fiscalDateEnding": "2019-12-31",
            "reportedCurrency": "USD",
            "totalRevenue": "71965000000",
            "totalOperatingExpense": "20105000000",
            "costOfRevenue": "29825000000",
            "grossProfit": "42140000000",
            "ebit": "24058000000",
            "netIncome": "21048000000",
            "researchAndDevelopment": "13362000000",
            "effectOfAccountingCharges": "None",
            "incomeBeforeTax": "24058000000",
            "minorityInterest": "None",
            "sellingGeneralAdministrative": "6150000000",
            "otherNonOperatingIncome": "2023000000",
            "operatingIncome": "22035000000",
            "otherOperatingExpense": "200000000",
            "interestExpense": "489000000",
            "taxProvision": "3010000000",
            "interestIncome": "483000000",
            "netInterestIncome": "-6000000",
            "extraordinaryItems": "None",
            "nonRecurring": "393000000",
            "otherItems": "None",
            "incomeTaxExpense": "3010000000",
            "totalOtherIncomeExpense": "1636000000",
            "discontinuedOperations": "None",
            "netIncomeFromContinuingOperations": "21048000000",
            "netIncomeApplicableToCommonShares": "21048000000",
            "preferredStockAndOtherAdjustments": "None"
        },
        {
            "fiscalDateEnding": "2018-12-31",
            "reportedCurrency": "USD",
            "totalRevenue": "70848000000",
            "totalOperatingExpense": "20421000000",
            "costOfRevenue": "27111000000",
            "grossProfit": "43737000000",
            "ebit": "23317000000",
            "netIncome": "21053000000",
            "researchAndDevelopment": "13543000000",
            "effectOfAccountingCharges": "None",
            "incomeBeforeTax": "23317000000",
            "minorityInterest": "None",
            "sellingGeneralAdministrative": "6750000000",
            "otherNonOperatingIncome": "1000000",
            "operatingIncome": "23316000000",
            "otherOperatingExpense": "200000000",
            "interestExpense": "468000000",
            "taxProvision": "2264000000",
            "interestIncome": "438000000",
            "netInterestIncome": "-30000000",
            "extraordinaryItems": "300000000",
            "nonRecurring": "-72000000",
            "otherItems": "None",
            "incomeTaxExpense": "2264000000",
            "totalOtherIncomeExpense": "103000000",
            "discontinuedOperations": "None",
            "netIncomeFromContinuingOperations": "21053000000",
            "netIncomeApplicableToCommonShares": "21053000000",
            "preferredStockAndOtherAdjustments": "None"
        },
        {
            "fiscalDateEnding": "2017-12-31",
            "reportedCurrency": "USD",
            "totalRevenue": "62761000000",
            "totalOperatingExpense": "21133000000",
            "costOfRevenue": "23692000000",
            "grossProfit": "39069000000",
            "ebit": "20352000000",
            "netIncome": "9601000000",
            "researchAndDevelopment": "13098000000",
            "effectOfAccountingCharges": "None",
            "incomeBeforeTax": "20352000000",
            "minorityInterest": "None",
            "sellingGeneralAdministrative": "7474000000",
            "otherNonOperatingIncome": "2416000000",
            "operatingIncome": "17936000000",
            "otherOperatingExpense": "177000000",
            "interestExpense": "646000000",
            "taxProvision": "10751000000",
            "interestIncome": "441000000",
            "netInterestIncome": "-205000000",
            "extraordinaryItems": "-5400000000",
            "nonRecurring": "384000000",
            "otherItems": "None",
            "incomeTaxExpense": "10751000000",
            "totalOtherIncomeExpense": "2237000000",
            "discontinuedOperations": "None",
            "netIncomeFromContinuingOperations": "9601000000",
            "netIncomeApplicableToCommonShares": "9601000000",
            "preferredStockAndOtherAdjustments": "None"
        },
        {
            "fiscalDateEnding": "2016-12-31",
            "reportedCurrency": "USD",
            "totalRevenue": "59387000000",
            "totalOperatingExpense": "23317000000",
            "costOfRevenue": "23196000000",
            "grossProfit": "36191000000",
            "ebit": "12936000000",
            "netIncome": "10316000000",
            "researchAndDevelopment": "12740000000",
            "effectOfAccountingCharges": "None",
            "incomeBeforeTax": "12936000000",
            "minorityInterest": "None",
            "sellingGeneralAdministrative": "8397000000",
            "otherNonOperatingIncome": "62000000",
            "operatingIncome": "12874000000",
            "otherOperatingExpense": "294000000",
            "interestExpense": "733000000",
            "taxProvision": "2620000000",
            "interestIncome": "222000000",
            "netInterestIncome": "-511000000",
            "extraordinaryItems": "None",
            "nonRecurring": "1886000000",
            "otherItems": "None",
            "incomeTaxExpense": "2620000000",
            "totalOtherIncomeExpense": "-1313000000",
            "discontinuedOperations": "None",
            "netIncomeFromContinuingOperations": "10316000000",
            "netIncomeApplicableToCommonShares": "10316000000",
            "preferredStockAndOtherAdjustments": "None"
        },
        {
            "fiscalDateEnding": "2015-12-31",
            "reportedCurrency": "USD",
            "totalRevenue": "55355000000",
            "totalOperatingExpense": "20677000000",
            "costOfRevenue": "20676000000",
            "grossProfit": "34679000000",
            "ebit": "14002000000",
            "netIncome": "11420000000",
            "researchAndDevelopment": "12128000000",
            "effectOfAccountingCharges": "None",
            "incomeBeforeTax": "14212000000",
            "minorityInterest": "None",
            "sellingGeneralAdministrative": "7930000000",
            "otherNonOperatingIncome": "None",
            "operatingIncome": "14002000000",
            "otherOperatingExpense": "265000000",
            "interestExpense": "-345000000",
            "taxProvision": "2792000000",
            "interestIncome": "-296000000",
            "netInterestIncome": "None",
            "extraordinaryItems": "None",
            "nonRecurring": "354000000",
            "otherItems": "None",
            "incomeTaxExpense": "2792000000",
            "totalOtherIncomeExpense": "-144000000",
            "discontinuedOperations": "None",
            "netIncomeFromContinuingOperations": "11420000000",
            "netIncomeApplicableToCommonShares": "11420000000",
            "preferredStockAndOtherAdjustments": "None"
        }
    ],
    "quarterlyReports": [
        {
            "fiscalDateEnding": "2020-06-30",
            "reportedCurrency": "USD",
            "totalRevenue": "19728000000",
            "totalOperatingExpense": "4810000000",
            "costOfRevenue": "9221000000",
            "grossProfit": "10507000000",
            "ebit": "5668000000",
            "netIncome": "5105000000",
            "researchAndDevelopment": "3354000000",
            "effectOfAccountingCharges": "None",
            "incomeBeforeTax": "5935000000",
            "minorityInterest": "None",
            "sellingGeneralAdministrative": "1447000000",
            "otherNonOperatingIncome": "-29000000",
            "operatingIncome": "5697000000",
            "otherOperatingExpense": "None",
            "interestExpense": "186000000",
            "taxProvision": "830000000",
            "interestIncome": "83000000",
            "netInterestIncome": "-103000000",
            "extraordinaryItems": "None",
            "nonRecurring": "9000000",
            "otherItems": "None",
            "incomeTaxExpense": "830000000",
            "totalOtherIncomeExpense": "332000000",
            "discontinuedOperations": "None",
            "netIncomeFromContinuingOperations": "5105000000",
            "netIncomeApplicableToCommonShares": "5105000000",
            "preferredStockAndOtherAdjustments": "None"
        },
        {
            "fiscalDateEnding": "2020-03-31",
            "reportedCurrency": "USD",
            "totalRevenue": "19828000000",
            "totalOperatingExpense": "4978000000",
            "costOfRevenue": "7812000000",
            "grossProfit": "12016000000",
            "ebit": "6725000000",
            "netIncome": "5661000000",
            "researchAndDevelopment": "3275000000",
            "effectOfAccountingCharges": "None",
            "incomeBeforeTax": "6614000000",
            "minorityInterest": "None",
            "sellingGeneralAdministrative": "1541000000",
            "otherNonOperatingIncome": "-313000000",
            "operatingIncome": "7038000000",
            "otherOperatingExpense": "None",
            "interestExpense": "135000000",
            "taxProvision": "953000000",
            "interestIncome": "93000000",
            "netInterestIncome": "-42000000",
            "extraordinaryItems": "None",
            "nonRecurring": "162000000",
            "otherItems": "None",
            "incomeTaxExpense": "953000000",
            "totalOtherIncomeExpense": "-544000000",
            "discontinuedOperations": "None",
            "netIncomeFromContinuingOperations": "5661000000",
            "netIncomeApplicableToCommonShares": "5661000000",
            "preferredStockAndOtherAdjustments": "None"
        },
        {
            "fiscalDateEnding": "2019-12-31",
            "reportedCurrency": "USD",
            "totalRevenue": "20209000000",
            "totalOperatingExpense": "5081000000",
            "costOfRevenue": "8331000000",
            "grossProfit": "11878000000",
            "ebit": "8068000000",
            "netIncome": "6905000000",
            "researchAndDevelopment": "3384000000",
            "effectOfAccountingCharges": "None",
            "incomeBeforeTax": "8068000000",
            "minorityInterest": "None",
            "sellingGeneralAdministrative": "1542000000",
            "otherNonOperatingIncome": "1271000000",
            "operatingIncome": "6797000000",
            "otherOperatingExpense": "50000000",
            "interestExpense": "108000000",
            "taxProvision": "1163000000",
            "interestIncome": "109000000",
            "netInterestIncome": "1000000",
            "extraordinaryItems": "None",
            "nonRecurring": "105000000",
            "otherItems": "None",
            "incomeTaxExpense": "1163000000",
            "totalOtherIncomeExpense": "1165000000",
            "discontinuedOperations": "None",
            "netIncomeFromContinuingOperations": "6905000000",
            "netIncomeApplicableToCommonShares": "6905000000",
            "preferredStockAndOtherAdjustments": "None"
        },
        {
            "fiscalDateEnding": "2019-09-30",
            "reportedCurrency": "USD",
            "totalRevenue": "19190000000",
            "totalOperatingExpense": "4848000000",
            "costOfRevenue": "7895000000",
            "grossProfit": "11295000000",
            "ebit": "6719000000",
            "netIncome": "5990000000",
            "researchAndDevelopment": "3208000000",
            "effectOfAccountingCharges": "None",
            "incomeBeforeTax": "6719000000",
            "minorityInterest": "None",
            "sellingGeneralAdministrative": "1486000000",
            "otherNonOperatingIncome": "272000000",
            "operatingIncome": "6447000000",
            "otherOperatingExpense": "50000000",
            "interestExpense": "107000000",
            "taxProvision": "729000000",
            "interestIncome": "114000000",
            "netInterestIncome": "7000000",
            "extraordinaryItems": "None",
            "nonRecurring": "104000000",
            "otherItems": "None",
            "incomeTaxExpense": "729000000",
            "totalOtherIncomeExpense": "161000000",
            "discontinuedOperations": "None",
            "netIncomeFromContinuingOperations": "5990000000",
            "netIncomeApplicableToCommonShares": "5990000000",
            "preferredStockAndOtherAdjustments": "None"
        },
        {
            "fiscalDateEnding": "2019-06-30",
            "reportedCurrency": "USD",
            "totalRevenue": "16505000000",
            "totalOperatingExpense": "5261000000",
            "costOfRevenue": "6627000000",
            "grossProfit": "9878000000",
            "ebit": "4724000000",
            "netIncome": "4179000000",
            "researchAndDevelopment": "3438000000",
            "effectOfAccountingCharges": "None",
            "incomeBeforeTax": "4724000000",
            "minorityInterest": "None",
            "sellingGeneralAdministrative": "1589000000",
            "otherNonOperatingIncome": "107000000",
            "operatingIncome": "4617000000",
            "otherOperatingExpense": "50000000",
            "interestExpense": "135000000",
            "taxProvision": "545000000",
            "interestIncome": "125000000",
            "netInterestIncome": "-10000000",
            "extraordinaryItems": "None",
            "nonRecurring": "184000000",
            "otherItems": "None",
            "incomeTaxExpense": "545000000",
            "totalOtherIncomeExpense": "-67000000",
            "discontinuedOperations": "None",
            "netIncomeFromContinuingOperations": "4179000000",
            "netIncomeApplicableToCommonShares": "4179000000",
            "preferredStockAndOtherAdjustments": "None"
        },
        {
            "fiscalDateEnding": "2019-03-31",
            "reportedCurrency": "USD",
            "totalRevenue": "16061000000",
            "totalOperatingExpense": "4915000000",
            "costOfRevenue": "6972000000",
            "grossProfit": "9089000000",
            "ebit": "4547000000",
            "netIncome": "3974000000",
            "researchAndDevelopment": "3332000000",
            "effectOfAccountingCharges": "None",
            "incomeBeforeTax": "4547000000",
            "minorityInterest": "None",
            "sellingGeneralAdministrative": "1533000000",
            "otherNonOperatingIncome": "373000000",
            "operatingIncome": "4174000000",
            "otherOperatingExpense": "50000000",
            "interestExpense": "138000000",
            "taxProvision": "573000000",
            "interestIncome": "135000000",
            "netInterestIncome": "-3000000",
            "extraordinaryItems": "None",
            "nonRecurring": "None",
            "otherItems": "None",
            "incomeTaxExpense": "573000000",
            "totalOtherIncomeExpense": "376000000",
            "discontinuedOperations": "None",
            "netIncomeFromContinuingOperations": "3974000000",
            "netIncomeApplicableToCommonShares": "3974000000",
            "preferredStockAndOtherAdjustments": "None"
        },
        {
            "fiscalDateEnding": "2018-12-31",
            "reportedCurrency": "USD",
            "totalRevenue": "18657000000",
            "totalOperatingExpense": "5003000000",
            "costOfRevenue": "7430000000",
            "grossProfit": "11227000000",
            "ebit": "5635000000",
            "netIncome": "5195000000",
            "researchAndDevelopment": "3433000000",
            "effectOfAccountingCharges": "0",
            "incomeBeforeTax": "5635000000",
            "minorityInterest": "0",
            "sellingGeneralAdministrative": "1520000000",
            "otherNonOperatingIncome": "-589000000",
            "operatingIncome": "6224000000",
            "otherOperatingExpense": "50000000",
            "interestExpense": "-122000000",
            "taxProvision": "None",
            "interestIncome": "None",
            "netInterestIncome": "None",
            "extraordinaryItems": "6000000",
            "nonRecurring": "0",
            "otherItems": "0",
            "incomeTaxExpense": "440000000",
            "totalOtherIncomeExpense": "-589000000",
            "discontinuedOperations": "0",
            "netIncomeFromContinuingOperations": "5195000000",
            "netIncomeApplicableToCommonShares": "5195000000",
            "preferredStockAndOtherAdjustments": "None"
        },
        {
            "fiscalDateEnding": "2018-09-30",
            "reportedCurrency": "USD",
            "totalRevenue": "19163000000",
            "totalOperatingExpense": "5011000000",
            "costOfRevenue": "6803000000",
            "grossProfit": "12360000000",
            "ebit": "7142000000",
            "netIncome": "6398000000",
            "researchAndDevelopment": "3428000000",
            "effectOfAccountingCharges": "0",
            "incomeBeforeTax": "7142000000",
            "minorityInterest": "0",
            "sellingGeneralAdministrative": "1605000000",
            "otherNonOperatingIncome": "-207000000",
            "operatingIncome": "7349000000",
            "otherOperatingExpense": "50000000",
            "interestExpense": "-109000000",
            "taxProvision": "None",
            "interestIncome": "None",
            "netInterestIncome": "None",
            "extraordinaryItems": "0",
            "nonRecurring": "-72000000",
            "otherItems": "0",
            "incomeTaxExpense": "744000000",
            "totalOtherIncomeExpense": "-135000000",
            "discontinuedOperations": "0",
            "netIncomeFromContinuingOperations": "6398000000",
            "netIncomeApplicableToCommonShares": "6398000000",
            "preferredStockAndOtherAdjustments": "None"
        },
        {
            "fiscalDateEnding": "2018-06-30",
            "reportedCurrency": "USD",
            "totalRevenue": "16962000000",
            "totalOperatingExpense": "5146000000",
            "costOfRevenue": "6543000000",
            "grossProfit": "10419000000",
            "ebit": "5529000000",
            "netIncome": "5006000000",
            "researchAndDevelopment": "3371000000",
            "effectOfAccountingCharges": "0",
            "incomeBeforeTax": "5529000000",
            "minorityInterest": "0",
            "sellingGeneralAdministrative": "1725000000",
            "otherNonOperatingIncome": "256000000",
            "operatingIncome": "5273000000",
            "otherOperatingExpense": "50000000",
            "interestExpense": "-116000000",
            "taxProvision": "None",
            "interestIncome": "None",
            "netInterestIncome": "None",
            "extraordinaryItems": "0",
            "nonRecurring": "0",
            "otherItems": "0",
            "incomeTaxExpense": "523000000",
            "totalOtherIncomeExpense": "256000000",
            "discontinuedOperations": "0",
            "netIncomeFromContinuingOperations": "5006000000",
            "netIncomeApplicableToCommonShares": "5006000000",
            "preferredStockAndOtherAdjustments": "None"
        },
        {
            "fiscalDateEnding": "2018-03-31",
            "reportedCurrency": "USD",
            "totalRevenue": "16066000000",
            "totalOperatingExpense": "5261000000",
            "costOfRevenue": "6335000000",
            "grossProfit": "9731000000",
            "ebit": "5011000000",
            "netIncome": "4454000000",
            "researchAndDevelopment": "3311000000",
            "effectOfAccountingCharges": "0",
            "incomeBeforeTax": "5011000000",
            "minorityInterest": "0",
            "sellingGeneralAdministrative": "1900000000",
            "otherNonOperatingIncome": "541000000",
            "operatingIncome": "4470000000",
            "otherOperatingExpense": "50000000",
            "interestExpense": "225000000",
            "taxProvision": "None",
            "interestIncome": "None",
            "netInterestIncome": "None",
            "extraordinaryItems": "0",
            "nonRecurring": "0",
            "otherItems": "0",
            "incomeTaxExpense": "557000000",
            "totalOtherIncomeExpense": "541000000",
            "discontinuedOperations": "0",
            "netIncomeFromContinuingOperations": "4454000000",
            "netIncomeApplicableToCommonShares": "4454000000",
            "preferredStockAndOtherAdjustments": "None"
        },
        {
            "fiscalDateEnding": "2017-12-31",
            "reportedCurrency": "USD",
            "totalRevenue": "17053000000",
            "totalOperatingExpense": "5372000000",
            "costOfRevenue": "6286000000",
            "grossProfit": "10767000000",
            "ebit": "6035000000",
            "netIncome": "-687000000",
            "researchAndDevelopment": "3274000000",
            "effectOfAccountingCharges": "0",
            "incomeBeforeTax": "6035000000",
            "minorityInterest": "0",
            "sellingGeneralAdministrative": "1850000000",
            "otherNonOperatingIncome": "640000000",
            "operatingIncome": "5395000000",
            "otherOperatingExpense": "53000000",
            "interestExpense": "254000000",
            "taxProvision": "None",
            "interestIncome": "None",
            "netInterestIncome": "None",
            "extraordinaryItems": "0",
            "nonRecurring": "195000000",
            "otherItems": "0",
            "incomeTaxExpense": "6722000000",
            "totalOtherIncomeExpense": "1641000000",
            "discontinuedOperations": "0",
            "netIncomeFromContinuingOperations": "-687000000",
            "netIncomeApplicableToCommonShares": "-687000000",
            "preferredStockAndOtherAdjustments": "None"
        },
        {
            "fiscalDateEnding": "2017-09-30",
            "reportedCurrency": "USD",
            "totalRevenue": "16149000000",
            "totalOperatingExpense": "4942000000",
            "costOfRevenue": "6092000000",
            "grossProfit": "10057000000",
            "ebit": "5930000000",
            "netIncome": "4516000000",
            "researchAndDevelopment": "3223000000",
            "effectOfAccountingCharges": "0",
            "incomeBeforeTax": "5930000000",
            "minorityInterest": "0",
            "sellingGeneralAdministrative": "1666000000",
            "otherNonOperatingIncome": "815000000",
            "operatingIncome": "5115000000",
            "otherOperatingExpense": "49000000",
            "interestExpense": "267000000",
            "taxProvision": "None",
            "interestIncome": "None",
            "netInterestIncome": "None",
            "extraordinaryItems": "0",
            "nonRecurring": "4000000",
            "otherItems": "0",
            "incomeTaxExpense": "1414000000",
            "totalOtherIncomeExpense": "336000000",
            "discontinuedOperations": "0",
            "netIncomeFromContinuingOperations": "4516000000",
            "netIncomeApplicableToCommonShares": "4516000000",
            "preferredStockAndOtherAdjustments": "None"
        },
        {
            "fiscalDateEnding": "2017-06-30",
            "reportedCurrency": "USD",
            "totalRevenue": "14763000000",
            "totalOperatingExpense": "5271000000",
            "costOfRevenue": "5665000000",
            "grossProfit": "9098000000",
            "ebit": "4572000000",
            "netIncome": "2808000000",
            "researchAndDevelopment": "3275000000",
            "effectOfAccountingCharges": "0",
            "incomeBeforeTax": "4572000000",
            "minorityInterest": "0",
            "sellingGeneralAdministrative": "1854000000",
            "otherNonOperatingIncome": "745000000",
            "operatingIncome": "3827000000",
            "otherOperatingExpense": "37000000",
            "interestExpense": "225000000",
            "taxProvision": "None",
            "interestIncome": "None",
            "netInterestIncome": "None",
            "extraordinaryItems": "0",
            "nonRecurring": "105000000",
            "otherItems": "0",
            "incomeTaxExpense": "1764000000",
            "totalOtherIncomeExpense": "0",
            "discontinuedOperations": "0",
            "netIncomeFromContinuingOperations": "2808000000",
            "netIncomeApplicableToCommonShares": "2808000000",
            "preferredStockAndOtherAdjustments": "None"
        },
        {
            "fiscalDateEnding": "2017-03-31",
            "reportedCurrency": "USD",
            "totalRevenue": "14796000000",
            "totalOperatingExpense": "5548000000",
            "costOfRevenue": "5649000000",
            "grossProfit": "9147000000",
            "ebit": "3815000000",
            "netIncome": "2964000000",
            "researchAndDevelopment": "3326000000",
            "effectOfAccountingCharges": "0",
            "incomeBeforeTax": "3815000000",
            "minorityInterest": "0",
            "sellingGeneralAdministrative": "2104000000",
            "otherNonOperatingIncome": "216000000",
            "operatingIncome": "3599000000",
            "otherOperatingExpense": "38000000",
            "interestExpense": "213000000",
            "taxProvision": "None",
            "interestIncome": "None",
            "netInterestIncome": "None",
            "extraordinaryItems": "0",
            "nonRecurring": "80000000",
            "otherItems": "0",
            "incomeTaxExpense": "851000000",
            "totalOtherIncomeExpense": "0",
            "discontinuedOperations": "0",
            "netIncomeFromContinuingOperations": "2964000000",
            "netIncomeApplicableToCommonShares": "2964000000",
            "preferredStockAndOtherAdjustments": "None"
        },
        {
            "fiscalDateEnding": "2016-12-31",
            "reportedCurrency": "USD",
            "totalRevenue": "16374000000",
            "totalOperatingExpense": "5579000000",
            "costOfRevenue": "6269000000",
            "grossProfit": "10105000000",
            "ebit": "4732000000",
            "netIncome": "3562000000",
            "researchAndDevelopment": "3280000000",
            "effectOfAccountingCharges": "0",
            "incomeBeforeTax": "4440000000",
            "minorityInterest": "0",
            "sellingGeneralAdministrative": "2158000000",
            "otherNonOperatingIncome": "206000000",
            "operatingIncome": "4526000000",
            "otherOperatingExpense": "41000000",
            "interestExpense": "211000000",
            "taxProvision": "None",
            "interestIncome": "None",
            "netInterestIncome": "None",
            "extraordinaryItems": "0",
            "nonRecurring": "100000000",
            "otherItems": "0",
            "incomeTaxExpense": "878000000",
            "totalOtherIncomeExpense": "-2069000000",
            "discontinuedOperations": "0",
            "netIncomeFromContinuingOperations": "3562000000",
            "netIncomeApplicableToCommonShares": "3562000000",
            "preferredStockAndOtherAdjustments": "None"
        },
        {
            "fiscalDateEnding": "2016-09-30",
            "reportedCurrency": "USD",
            "totalRevenue": "15778000000",
            "totalOperatingExpense": "5521000000",
            "costOfRevenue": "5795000000",
            "grossProfit": "9983000000",
            "ebit": "4318000000",
            "netIncome": "3378000000",
            "researchAndDevelopment": "3069000000",
            "effectOfAccountingCharges": "0",
            "incomeBeforeTax": "4318000000",
            "minorityInterest": "0",
            "sellingGeneralAdministrative": "2006000000",
            "otherNonOperatingIncome": "-144000000",
            "operatingIncome": "4462000000",
            "otherOperatingExpense": "74000000",
            "interestExpense": "216000000",
            "taxProvision": "None",
            "interestIncome": "None",
            "netInterestIncome": "None",
            "extraordinaryItems": "0",
            "nonRecurring": "372000000",
            "otherItems": "0",
            "incomeTaxExpense": "940000000",
            "totalOtherIncomeExpense": "0",
            "discontinuedOperations": "0",
            "netIncomeFromContinuingOperations": "3378000000",
            "netIncomeApplicableToCommonShares": "3378000000",
            "preferredStockAndOtherAdjustments": "None"
        },
        {
            "fiscalDateEnding": "2016-06-30",
            "reportedCurrency": "USD",
            "totalRevenue": "13533000000",
            "totalOperatingExpense": "6655000000",
            "costOfRevenue": "5560000000",
            "grossProfit": "7973000000",
            "ebit": "1318000000",
            "netIncome": "1330000000",
            "researchAndDevelopment": "3145000000",
            "effectOfAccountingCharges": "0",
            "incomeBeforeTax": "1670000000",
            "minorityInterest": "0",
            "sellingGeneralAdministrative": "2007000000",
            "otherNonOperatingIncome": "None",
            "operatingIncome": "1318000000",
            "otherOperatingExpense": "89000000",
            "interestExpense": "211000000",
            "taxProvision": "None",
            "interestIncome": "None",
            "netInterestIncome": "None",
            "extraordinaryItems": "0",
            "nonRecurring": "1414000000",
            "otherItems": "0",
            "incomeTaxExpense": "340000000",
            "totalOtherIncomeExpense": "0",
            "discontinuedOperations": "0",
            "netIncomeFromContinuingOperations": "1330000000",
            "netIncomeApplicableToCommonShares": "1330000000",
            "preferredStockAndOtherAdjustments": "None"
        },
        {
            "fiscalDateEnding": "2016-03-31",
            "reportedCurrency": "USD",
            "totalRevenue": "13702000000",
            "totalOperatingExpense": "5562000000",
            "costOfRevenue": "5572000000",
            "grossProfit": "8130000000",
            "ebit": "2568000000",
            "netIncome": "2046000000",
            "researchAndDevelopment": "3246000000",
            "effectOfAccountingCharges": "0",
            "incomeBeforeTax": "2508000000",
            "minorityInterest": "0",
            "sellingGeneralAdministrative": "2226000000",
            "otherNonOperatingIncome": "None",
            "operatingIncome": "2568000000",
            "otherOperatingExpense": "90000000",
            "interestExpense": "230000000",
            "taxProvision": "None",
            "interestIncome": "None",
            "netInterestIncome": "None",
            "extraordinaryItems": "0",
            "nonRecurring": "0",
            "otherItems": "0",
            "incomeTaxExpense": "462000000",
            "totalOtherIncomeExpense": "0",
            "discontinuedOperations": "0",
            "netIncomeFromContinuingOperations": "2046000000",
            "netIncomeApplicableToCommonShares": "2046000000",
            "preferredStockAndOtherAdjustments": "None"
        },
        {
            "fiscalDateEnding": "2015-12-31",
            "reportedCurrency": "USD",
            "totalRevenue": "14914000000",
            "totalOperatingExpense": "5291000000",
            "costOfRevenue": "5324000000",
            "grossProfit": "9590000000",
            "ebit": "4299000000",
            "netIncome": "3613000000",
            "researchAndDevelopment": "9109000000",
            "effectOfAccountingCharges": "0",
            "incomeBeforeTax": "4303000000",
            "minorityInterest": "0",
            "sellingGeneralAdministrative": "6024000000",
            "otherNonOperatingIncome": "None",
            "operatingIncome": "4299000000",
            "otherOperatingExpense": "380000000",
            "interestExpense": "182000000",
            "taxProvision": "None",
            "interestIncome": "None",
            "netInterestIncome": "None",
            "extraordinaryItems": "0",
            "nonRecurring": "197000000",
            "otherItems": "0",
            "incomeTaxExpense": "690000000",
            "totalOtherIncomeExpense": "-144000000",
            "discontinuedOperations": "0",
            "netIncomeFromContinuingOperations": "3613000000",
            "netIncomeApplicableToCommonShares": "3613000000",
            "preferredStockAndOtherAdjustments": "None"
        },
        {
            "fiscalDateEnding": "2015-09-30",
            "reportedCurrency": "USD",
            "totalRevenue": "14465000000",
            "totalOperatingExpense": "4919000000",
            "costOfRevenue": "5354000000",
            "grossProfit": "9111000000",
            "ebit": "4192000000",
            "netIncome": "3109000000",
            "researchAndDevelopment": "2927000000",
            "effectOfAccountingCharges": "0",
            "incomeBeforeTax": "4253000000",
            "minorityInterest": "0",
            "sellingGeneralAdministrative": "1910000000",
            "otherNonOperatingIncome": "None",
            "operatingIncome": "4192000000",
            "otherOperatingExpense": "68000000",
            "interestExpense": "168000000",
            "taxProvision": "None",
            "interestIncome": "None",
            "netInterestIncome": "None",
            "extraordinaryItems": "0",
            "nonRecurring": "14000000",
            "otherItems": "0",
            "incomeTaxExpense": "1144000000",
            "totalOtherIncomeExpense": "0",
            "discontinuedOperations": "0",
            "netIncomeFromContinuingOperations": "3109000000",
            "netIncomeApplicableToCommonShares": "3109000000",
            "preferredStockAndOtherAdjustments": "None"
        },
        {
            "fiscalDateEnding": "2015-06-30",
            "reportedCurrency": "USD",
            "totalRevenue": "13195000000",
            "totalOperatingExpense": "5352000000",
            "costOfRevenue": "4947000000",
            "grossProfit": "8248000000",
            "ebit": "2896000000",
            "netIncome": "2706000000",
            "researchAndDevelopment": "3087000000",
            "effectOfAccountingCharges": "0",
            "incomeBeforeTax": "2983000000",
            "minorityInterest": "0",
            "sellingGeneralAdministrative": "1949000000",
            "otherNonOperatingIncome": "None",
            "operatingIncome": "2896000000",
            "otherOperatingExpense": "68000000",
            "interestExpense": "122000000",
            "taxProvision": "None",
            "interestIncome": "None",
            "netInterestIncome": "None",
            "extraordinaryItems": "0",
            "nonRecurring": "248000000",
            "otherItems": "0",
            "incomeTaxExpense": "277000000",
            "totalOtherIncomeExpense": "0",
            "discontinuedOperations": "0",
            "netIncomeFromContinuingOperations": "2706000000",
            "netIncomeApplicableToCommonShares": "2706000000",
            "preferredStockAndOtherAdjustments": "None"
        }
    ]
}