{
    "symbol": "MA",
    "annualReports": [
        {
            "fiscalDateEnding": "2019-12-31",
            "reportedCurrency": "USD",
            "totalRevenue": "16883000000",
            "totalOperatingExpense": "7219000000",
            "costOfRevenue": "None",
            "grossProfit": "16883000000",
            "ebit": "9955000000",
            "netIncome": "8118000000",
            "researchAndDevelopment": "None",
            "effectOfAccountingCharges": "None",
            "incomeBeforeTax": "9731000000",
            "minorityInterest": "98000000",
            "sellingGeneralAdministrative": "6697000000",
            "otherNonOperatingIncome": "291000000",
            "operatingIncome": "9664000000",
            "otherOperatingExpense": "522000000",
            "interestExpense": "224000000",
            "taxProvision": "1613000000",
            "interestIncome": "40000000",
            "netInterestIncome": "-224000000",
            "extraordinaryItems": "27000000",
            "nonRecurring": "None",
            "otherItems": "None",
            "incomeTaxExpense": "1613000000",
            "totalOtherIncomeExpense": "259000000",
            "discontinuedOperations": "None",
            "netIncomeFromContinuingOperations": "8118000000",
            "netIncomeApplicableToCommonShares": "8118000000",
            "preferredStockAndOtherAdjustments": "None"
        },
        {
            "fiscalDateEnding": "2018-12-31",
            "reportedCurrency": "USD",
            "totalRevenue": "14950000000",
            "totalOperatingExpense": "7668000000",
            "costOfRevenue": "6081000000",
            "grossProfit": "14950000000",
            "ebit": "7390000000",
            "netIncome": "5859000000",
            "researchAndDevelopment": "0",
            "effectOfAccountingCharges": "None",
            "incomeBeforeTax": "7204000000",
            "minorityInterest": "94000000",
            "sellingGeneralAdministrative": "6081000000",
            "otherNonOperatingIncome": "108000000",
            "operatingIncome": "7282000000",
            "otherOperatingExpense": "459000000",
            "interestExpense": "186000000",
            "taxProvision": "1345000000",
            "interestIncome": "-64000000",
            "netInterestIncome": "-186000000",
            "extraordinaryItems": "75000000",
            "nonRecurring": "1128000000",
            "otherItems": "None",
            "incomeTaxExpense": "1345000000",
            "totalOtherIncomeExpense": "-984000000",
            "discontinuedOperations": "None",
            "netIncomeFromContinuingOperations": "5859000000",
            "netIncomeApplicableToCommonShares": "5859000000",
            "preferredStockAndOtherAdjustments": "None"
        },
        {
            "fiscalDateEnding": "2017-12-31",
            "reportedCurrency": "USD",
            "totalRevenue": "12497000000",
            "totalOperatingExpense": "5875000000",
            "costOfRevenue": "5257000000",
            "grossProfit": "12497000000",
            "ebit": "6676000000",
            "netIncome": "3915000000",
            "researchAndDevelopment": "0",
            "effectOfAccountingCharges": "None",
            "incomeBeforeTax": "6522000000",
            "minorityInterest": "100000000",
            "sellingGeneralAdministrative": "5424000000",
            "otherNonOperatingIncome": "54000000",
            "operatingIncome": "6622000000",
            "otherOperatingExpense": "436000000",
            "interestExpense": "154000000",
            "taxProvision": "2607000000",
            "interestIncome": "-98000000",
            "netInterestIncome": "-154000000",
            "extraordinaryItems": "-873000000",
            "nonRecurring": "15000000",
            "otherItems": "None",
            "incomeTaxExpense": "2607000000",
            "totalOtherIncomeExpense": "-67000000",
            "discontinuedOperations": "None",
            "netIncomeFromContinuingOperations": "3915000000",
            "netIncomeApplicableToCommonShares": "3915000000",
            "preferredStockAndOtherAdjustments": "None"
        },
        {
            "fiscalDateEnding": "2016-12-31",
            "reportedCurrency": "USD",
            "totalRevenue": "10776000000",
            "totalOperatingExpense": "5015000000",
            "costOfRevenue": "4525000000",
            "grossProfit": "10776000000",
            "ebit": "5741000000",
            "netIncome": "4059000000",
            "researchAndDevelopment": "0",
            "effectOfAccountingCharges": "None",
            "incomeBeforeTax": "5646000000",
            "minorityInterest": "28000000",
            "sellingGeneralAdministrative": "4525000000",
            "otherNonOperatingIncome": "-20000000",
            "operatingIncome": "5761000000",
            "otherOperatingExpense": "373000000",
            "interestExpense": "95000000",
            "taxProvision": "1587000000",
            "interestIncome": "-52000000",
            "netInterestIncome": "-95000000",
            "extraordinaryItems": "None",
            "nonRecurring": "117000000",
            "otherItems": "None",
            "incomeTaxExpense": "1587000000",
            "totalOtherIncomeExpense": "-171000000",
            "discontinuedOperations": "None",
            "netIncomeFromContinuingOperations": "4059000000",
            "netIncomeApplicableToCommonShares": "4059000000",
            "preferredStockAndOtherAdjustments": "None"
        },
        {
            "fiscalDateEnding": "2015-12-31",
            "reportedCurrency": "USD",
            "totalRevenue": "9667000000",
            "totalOperatingExpense": "4589000000",
            "costOfRevenue": "4083000000",
            "grossProfit": "9667000000",
            "ebit": "5019000000",
            "netIncome": "3808000000",
            "researchAndDevelopment": "0",
            "effectOfAccountingCharges": "None",
            "incomeBeforeTax": "4958000000",
            "minorityInterest": "34000000",
            "sellingGeneralAdministrative": "4162000000",
            "otherNonOperatingIncome": "-59000000",
            "operatingIncome": "5078000000",
            "otherOperatingExpense": "366000000",
            "interestExpense": "61000000",
            "taxProvision": "1150000000",
            "interestIncome": "-36000000",
            "netInterestIncome": "None",
            "extraordinaryItems": "None",
            "nonRecurring": "61000000",
            "otherItems": "None",
            "incomeTaxExpense": "1150000000",
            "totalOtherIncomeExpense": "-260000000",
            "discontinuedOperations": "None",
            "netIncomeFromContinuingOperations": "3808000000",
            "netIncomeApplicableToCommonShares": "3808000000",
            "preferredStockAndOtherAdjustments": "None"
        }
    ],
    "quarterlyReports": [
        {
            "fiscalDateEnding": "2020-06-30",
            "reportedCurrency": "USD",
            "totalRevenue": "3335000000",
            "totalOperatingExpense": "1628000000",
            "costOfRevenue": "None",
            "grossProfit": "3335000000",
            "ebit": "1791000000",
            "netIncome": "1420000000",
            "researchAndDevelopment": "None",
            "effectOfAccountingCharges": "None",
            "incomeBeforeTax": "1690000000",
            "minorityInterest": "78000000",
            "sellingGeneralAdministrative": "1461000000",
            "otherNonOperatingIncome": "84000000",
            "operatingIncome": "1707000000",
            "otherOperatingExpense": "145000000",
            "interestExpense": "101000000",
            "taxProvision": "270000000",
            "interestIncome": "-18000000",
            "netInterestIncome": "-101000000",
            "extraordinaryItems": "None",
            "nonRecurring": "22000000",
            "otherItems": "None",
            "incomeTaxExpense": "270000000",
            "totalOtherIncomeExpense": "43000000",
            "discontinuedOperations": "None",
            "netIncomeFromContinuingOperations": "1420000000",
            "netIncomeApplicableToCommonShares": "1420000000",
            "preferredStockAndOtherAdjustments": "None"
        },
        {
            "fiscalDateEnding": "2020-03-31",
            "reportedCurrency": "USD",
            "totalRevenue": "4009000000",
            "totalOperatingExpense": "1798000000",
            "costOfRevenue": "None",
            "grossProfit": "4009000000",
            "ebit": "2056000000",
            "netIncome": "1693000000",
            "researchAndDevelopment": "None",
            "effectOfAccountingCharges": "None",
            "incomeBeforeTax": "1987000000",
            "minorityInterest": "100000000",
            "sellingGeneralAdministrative": "1648000000",
            "otherNonOperatingIncome": "-155000000",
            "operatingIncome": "2211000000",
            "otherOperatingExpense": "144000000",
            "interestExpense": "69000000",
            "taxProvision": "294000000",
            "interestIncome": "-227000000",
            "netInterestIncome": "-69000000",
            "extraordinaryItems": "None",
            "nonRecurring": "6000000",
            "otherItems": "None",
            "incomeTaxExpense": "294000000",
            "totalOtherIncomeExpense": "-109000000",
            "discontinuedOperations": "None",
            "netIncomeFromContinuingOperations": "1693000000",
            "netIncomeApplicableToCommonShares": "1693000000",
            "preferredStockAndOtherAdjustments": "None"
        },
        {
            "fiscalDateEnding": "2019-12-31",
            "reportedCurrency": "USD",
            "totalRevenue": "4414000000",
            "totalOperatingExpense": "2015000000",
            "costOfRevenue": "None",
            "grossProfit": "4414000000",
            "ebit": "2539000000",
            "netIncome": "2100000000",
            "researchAndDevelopment": "None",
            "effectOfAccountingCharges": "None",
            "incomeBeforeTax": "2475000000",
            "minorityInterest": "98000000",
            "sellingGeneralAdministrative": "1869000000",
            "otherNonOperatingIncome": "140000000",
            "operatingIncome": "2399000000",
            "otherOperatingExpense": "146000000",
            "interestExpense": "64000000",
            "taxProvision": "375000000",
            "interestIncome": "75000000",
            "netInterestIncome": "-64000000",
            "extraordinaryItems": "27000000",
            "nonRecurring": "None",
            "otherItems": "None",
            "incomeTaxExpense": "375000000",
            "totalOtherIncomeExpense": "120000000",
            "discontinuedOperations": "None",
            "netIncomeFromContinuingOperations": "2100000000",
            "netIncomeApplicableToCommonShares": "2100000000",
            "preferredStockAndOtherAdjustments": "None"
        },
        {
            "fiscalDateEnding": "2019-09-30",
            "reportedCurrency": "USD",
            "totalRevenue": "4467000000",
            "totalOperatingExpense": "1812000000",
            "costOfRevenue": "None",
            "grossProfit": "4467000000",
            "ebit": "2597000000",
            "netIncome": "2108000000",
            "researchAndDevelopment": "None",
            "effectOfAccountingCharges": "None",
            "incomeBeforeTax": "2534000000",
            "minorityInterest": "100000000",
            "sellingGeneralAdministrative": "1675000000",
            "otherNonOperatingIncome": "-58000000",
            "operatingIncome": "2655000000",
            "otherOperatingExpense": "137000000",
            "interestExpense": "63000000",
            "taxProvision": "426000000",
            "interestIncome": "-137000000",
            "netInterestIncome": "-63000000",
            "extraordinaryItems": "None",
            "nonRecurring": "None",
            "otherItems": "None",
            "incomeTaxExpense": "426000000",
            "totalOtherIncomeExpense": "-56000000",
            "discontinuedOperations": "None",
            "netIncomeFromContinuingOperations": "2108000000",
            "netIncomeApplicableToCommonShares": "2108000000",
            "preferredStockAndOtherAdjustments": "None"
        },
        {
            "fiscalDateEnding": "2019-06-30",
            "reportedCurrency": "USD",
            "totalRevenue": "4113000000",
            "totalOperatingExpense": "1716000000",
            "costOfRevenue": "None",
            "grossProfit": "4113000000",
            "ebit": "2570000000",
            "netIncome": "2048000000",
            "researchAndDevelopment": "None",
            "effectOfAccountingCharges": "None",
            "incomeBeforeTax": "2519000000",
            "minorityInterest": "101000000",
            "sellingGeneralAdministrative": "1594000000",
            "otherNonOperatingIncome": "173000000",
            "operatingIncome": "2397000000",
            "otherOperatingExpense": "122000000",
            "interestExpense": "51000000",
            "taxProvision": "471000000",
            "interestIncome": "116000000",
            "netInterestIncome": "-51000000",
            "extraordinaryItems": "None",
            "nonRecurring": "None",
            "otherItems": "None",
            "incomeTaxExpense": "471000000",
            "totalOtherIncomeExpense": "160000000",
            "discontinuedOperations": "None",
            "netIncomeFromContinuingOperations": "2048000000",
            "netIncomeApplicableToCommonShares": "2048000000",
            "preferredStockAndOtherAdjustments": "None"
        },
        {
            "fiscalDateEnding": "2019-03-31",
            "reportedCurrency": "USD",
            "totalRevenue": "3889000000",
            "totalOperatingExpense": "1676000000",
            "costOfRevenue": "None",
            "grossProfit": "3889000000",
            "ebit": "2249000000",
            "netIncome": "1862000000",
            "researchAndDevelopment": "None",
            "effectOfAccountingCharges": "None",
            "incomeBeforeTax": "2203000000",
            "minorityInterest": "95000000",
            "sellingGeneralAdministrative": "1559000000",
            "otherNonOperatingIncome": "36000000",
            "operatingIncome": "2213000000",
            "otherOperatingExpense": "117000000",
            "interestExpense": "46000000",
            "taxProvision": "341000000",
            "interestIncome": "-14000000",
            "netInterestIncome": "-46000000",
            "extraordinaryItems": "None",
            "nonRecurring": "None",
            "otherItems": "None",
            "incomeTaxExpense": "341000000",
            "totalOtherIncomeExpense": "35000000",
            "discontinuedOperations": "None",
            "netIncomeFromContinuingOperations": "1862000000",
            "netIncomeApplicableToCommonShares": "1862000000",
            "preferredStockAndOtherAdjustments": "None"
        },
        {
            "fiscalDateEnding": "2018-12-31",
            "reportedCurrency": "USD",
            "totalRevenue": "3807000000",
            "totalOperatingExpense": "2573000000",
            "costOfRevenue": "1703000000",
            "grossProfit": "3807000000",
            "ebit": "1262000000",
            "netIncome": "899000000",
            "researchAndDevelopment": "0",
            "effectOfAccountingCharges": "0",
            "incomeBeforeTax": "1215000000",
            "minorityInterest": "94000000",
            "sellingGeneralAdministrative": "1703000000",
            "otherNonOperatingIncome": "28000000",
            "operatingIncome": "1234000000",
            "otherOperatingExpense": "113000000",
            "interestExpense": "47000000",
            "taxProvision": "None",
            "interestIncome": "None",
            "netInterestIncome": "None",
            "extraordinaryItems": "75000000",
            "nonRecurring": "757000000",
            "otherItems": "0",
            "incomeTaxExpense": "316000000",
            "totalOtherIncomeExpense": "-803000000",
            "discontinuedOperations": "0",
            "netIncomeFromContinuingOperations": "899000000",
            "netIncomeApplicableToCommonShares": "899000000",
            "preferredStockAndOtherAdjustments": "None"
        },
        {
            "fiscalDateEnding": "2018-09-30",
            "reportedCurrency": "USD",
            "totalRevenue": "3898000000",
            "totalOperatingExpense": "1611000000",
            "costOfRevenue": "1471000000",
            "grossProfit": "3898000000",
            "ebit": "2312000000",
            "netIncome": "1899000000",
            "researchAndDevelopment": "0",
            "effectOfAccountingCharges": "0",
            "incomeBeforeTax": "2264000000",
            "minorityInterest": "92000000",
            "sellingGeneralAdministrative": "1471000000",
            "otherNonOperatingIncome": "25000000",
            "operatingIncome": "2287000000",
            "otherOperatingExpense": "111000000",
            "interestExpense": "48000000",
            "taxProvision": "None",
            "interestIncome": "None",
            "netInterestIncome": "None",
            "extraordinaryItems": "0",
            "nonRecurring": "29000000",
            "otherItems": "0",
            "incomeTaxExpense": "365000000",
            "totalOtherIncomeExpense": "-52000000",
            "discontinuedOperations": "0",
            "netIncomeFromContinuingOperations": "1899000000",
            "netIncomeApplicableToCommonShares": "1899000000",
            "preferredStockAndOtherAdjustments": "None"
        },
        {
            "fiscalDateEnding": "2018-06-30",
            "reportedCurrency": "USD",
            "totalRevenue": "3665000000",
            "totalOperatingExpense": "1729000000",
            "costOfRevenue": "1389000000",
            "grossProfit": "3665000000",
            "ebit": "1970000000",
            "netIncome": "1569000000",
            "researchAndDevelopment": "0",
            "effectOfAccountingCharges": "0",
            "incomeBeforeTax": "1922000000",
            "minorityInterest": "93000000",
            "sellingGeneralAdministrative": "1389000000",
            "otherNonOperatingIncome": "34000000",
            "operatingIncome": "1936000000",
            "otherOperatingExpense": "115000000",
            "interestExpense": "48000000",
            "taxProvision": "None",
            "interestIncome": "None",
            "netInterestIncome": "None",
            "extraordinaryItems": "0",
            "nonRecurring": "225000000",
            "otherItems": "0",
            "incomeTaxExpense": "353000000",
            "totalOtherIncomeExpense": "-239000000",
            "discontinuedOperations": "0",
            "netIncomeFromContinuingOperations": "1569000000",
            "netIncomeApplicableToCommonShares": "1569000000",
            "preferredStockAndOtherAdjustments": "None"
        },
        {
            "fiscalDateEnding": "2018-03-31",
            "reportedCurrency": "USD",
            "totalRevenue": "3580000000",
            "totalOperatingExpense": "1755000000",
            "costOfRevenue": "1518000000",
            "grossProfit": "3580000000",
            "ebit": "1846000000",
            "netIncome": "1492000000",
            "researchAndDevelopment": "0",
            "effectOfAccountingCharges": "0",
            "incomeBeforeTax": "1803000000",
            "minorityInterest": "99000000",
            "sellingGeneralAdministrative": "1518000000",
            "otherNonOperatingIncome": "21000000",
            "operatingIncome": "1825000000",
            "otherOperatingExpense": "120000000",
            "interestExpense": "43000000",
            "taxProvision": "None",
            "interestIncome": "None",
            "netInterestIncome": "None",
            "extraordinaryItems": "0",
            "nonRecurring": "117000000",
            "otherItems": "0",
            "incomeTaxExpense": "311000000",
            "totalOtherIncomeExpense": "-139000000",
            "discontinuedOperations": "0",
            "netIncomeFromContinuingOperations": "1492000000",
            "netIncomeApplicableToCommonShares": "1492000000",
            "preferredStockAndOtherAdjustments": "None"
        },
        {
            "fiscalDateEnding": "2017-12-31",
            "reportedCurrency": "USD",
            "totalRevenue": "3312000000",
            "totalOperatingExpense": "1790000000",
            "costOfRevenue": "1508000000",
            "grossProfit": "3312000000",
            "ebit": "1525000000",
            "netIncome": "227000000",
            "researchAndDevelopment": "0",
            "effectOfAccountingCharges": "0",
            "incomeBeforeTax": "1484000000",
            "minorityInterest": "130000000",
            "sellingGeneralAdministrative": "1675000000",
            "otherNonOperatingIncome": "3000000",
            "operatingIncome": "1522000000",
            "otherOperatingExpense": "115000000",
            "interestExpense": "41000000",
            "taxProvision": "None",
            "interestIncome": "None",
            "netInterestIncome": "None",
            "extraordinaryItems": "0",
            "nonRecurring": "276000000",
            "otherItems": "0",
            "incomeTaxExpense": "1257000000",
            "totalOtherIncomeExpense": "-280000000",
            "discontinuedOperations": "0",
            "netIncomeFromContinuingOperations": "227000000",
            "netIncomeApplicableToCommonShares": "227000000",
            "preferredStockAndOtherAdjustments": "None"
        },
        {
            "fiscalDateEnding": "2017-09-30",
            "reportedCurrency": "USD",
            "totalRevenue": "3398000000",
            "totalOperatingExpense": "1457000000",
            "costOfRevenue": "1339000000",
            "grossProfit": "3398000000",
            "ebit": "1967000000",
            "netIncome": "1430000000",
            "researchAndDevelopment": "0",
            "effectOfAccountingCharges": "0",
            "incomeBeforeTax": "1932000000",
            "minorityInterest": "-18000000",
            "sellingGeneralAdministrative": "1339000000",
            "otherNonOperatingIncome": "26000000",
            "operatingIncome": "1941000000",
            "otherOperatingExpense": "118000000",
            "interestExpense": "35000000",
            "taxProvision": "None",
            "interestIncome": "None",
            "netInterestIncome": "None",
            "extraordinaryItems": "0",
            "nonRecurring": "-318000000",
            "otherItems": "0",
            "incomeTaxExpense": "502000000",
            "totalOtherIncomeExpense": "16000000",
            "discontinuedOperations": "0",
            "netIncomeFromContinuingOperations": "1430000000",
            "netIncomeApplicableToCommonShares": "1430000000",
            "preferredStockAndOtherAdjustments": "None"
        },
        {
            "fiscalDateEnding": "2017-06-30",
            "reportedCurrency": "USD",
            "totalRevenue": "3053000000",
            "totalOperatingExpense": "1400000000",
            "costOfRevenue": "1289000000",
            "grossProfit": "3053000000",
            "ebit": "1667000000",
            "netIncome": "1177000000",
            "researchAndDevelopment": "0",
            "effectOfAccountingCharges": "0",
            "incomeBeforeTax": "1628000000",
            "minorityInterest": "-39000000",
            "sellingGeneralAdministrative": "1289000000",
            "otherNonOperatingIncome": "14000000",
            "operatingIncome": "1653000000",
            "otherOperatingExpense": "111000000",
            "interestExpense": "39000000",
            "taxProvision": "None",
            "interestIncome": "None",
            "netInterestIncome": "None",
            "extraordinaryItems": "0",
            "nonRecurring": "42000000",
            "otherItems": "0",
            "incomeTaxExpense": "451000000",
            "totalOtherIncomeExpense": "3000000",
            "discontinuedOperations": "0",
            "netIncomeFromContinuingOperations": "1177000000",
            "netIncomeApplicableToCommonShares": "1177000000",
            "preferredStockAndOtherAdjustments": "None"
        },
        {
            "fiscalDateEnding": "2017-03-31",
            "reportedCurrency": "USD",
            "totalRevenue": "2734000000",
            "totalOperatingExpense": "1228000000",
            "costOfRevenue": "1121000000",
            "grossProfit": "2734000000",
            "ebit": "1517000000",
            "netIncome": "1081000000",
            "researchAndDevelopment": "0",
            "effectOfAccountingCharges": "0",
            "incomeBeforeTax": "1478000000",
            "minorityInterest": "27000000",
            "sellingGeneralAdministrative": "1121000000",
            "otherNonOperatingIncome": "11000000",
            "operatingIncome": "1506000000",
            "otherOperatingExpense": "92000000",
            "interestExpense": "39000000",
            "taxProvision": "None",
            "interestIncome": "None",
            "netInterestIncome": "None",
            "extraordinaryItems": "0",
            "nonRecurring": "15000000",
            "otherItems": "0",
            "incomeTaxExpense": "397000000",
            "totalOtherIncomeExpense": "-28000000",
            "discontinuedOperations": "0",
            "netIncomeFromContinuingOperations": "1081000000",
            "netIncomeApplicableToCommonShares": "1081000000",
            "preferredStockAndOtherAdjustments": "None"
        },
        {
            "fiscalDateEnding": "2016-12-31",
            "reportedCurrency": "USD",
            "totalRevenue": "2756000000",
            "totalOperatingExpense": "1393000000",
            "costOfRevenue": "1291000000",
            "grossProfit": "2756000000",
            "ebit": "1341000000",
            "netIncome": "933000000",
            "researchAndDevelopment": "0",
            "effectOfAccountingCharges": "0",
            "incomeBeforeTax": "1311000000",
            "minorityInterest": "-66000000",
            "sellingGeneralAdministrative": "1291000000",
            "otherNonOperatingIncome": "-22000000",
            "operatingIncome": "1363000000",
            "otherOperatingExpense": "92000000",
            "interestExpense": "30000000",
            "taxProvision": "None",
            "interestIncome": "None",
            "netInterestIncome": "None",
            "extraordinaryItems": "0",
            "nonRecurring": "10000000",
            "otherItems": "0",
            "incomeTaxExpense": "378000000",
            "totalOtherIncomeExpense": "-195000000",
            "discontinuedOperations": "0",
            "netIncomeFromContinuingOperations": "933000000",
            "netIncomeApplicableToCommonShares": "933000000",
            "preferredStockAndOtherAdjustments": "None"
        },
        {
            "fiscalDateEnding": "2016-09-30",
            "reportedCurrency": "USD",
            "totalRevenue": "2880000000",
            "totalOperatingExpense": "1210000000",
            "costOfRevenue": "1117000000",
            "grossProfit": "2880000000",
            "ebit": "1656000000",
            "netIncome": "1184000000",
            "researchAndDevelopment": "0",
            "effectOfAccountingCharges": "0",
            "incomeBeforeTax": "1633000000",
            "minorityInterest": "190000000",
            "sellingGeneralAdministrative": "1117000000",
            "otherNonOperatingIncome": "-14000000",
            "operatingIncome": "1670000000",
            "otherOperatingExpense": "93000000",
            "interestExpense": "23000000",
            "taxProvision": "None",
            "interestIncome": "None",
            "netInterestIncome": "None",
            "extraordinaryItems": "0",
            "nonRecurring": "545000000",
            "otherItems": "0",
            "incomeTaxExpense": "449000000",
            "totalOtherIncomeExpense": "-22000000",
            "discontinuedOperations": "0",
            "netIncomeFromContinuingOperations": "1184000000",
            "netIncomeApplicableToCommonShares": "1184000000",
            "preferredStockAndOtherAdjustments": "None"
        },
        {
            "fiscalDateEnding": "2016-06-30",
            "reportedCurrency": "USD",
            "totalRevenue": "2694000000",
            "totalOperatingExpense": "1314000000",
            "costOfRevenue": "1114000000",
            "grossProfit": "2694000000",
            "ebit": "1387000000",
            "netIncome": "983000000",
            "researchAndDevelopment": "0",
            "effectOfAccountingCharges": "0",
            "incomeBeforeTax": "1365000000",
            "minorityInterest": "-128000000",
            "sellingGeneralAdministrative": "1114000000",
            "otherNonOperatingIncome": "7000000",
            "operatingIncome": "1380000000",
            "otherOperatingExpense": "93000000",
            "interestExpense": "22000000",
            "taxProvision": "None",
            "interestIncome": "None",
            "netInterestIncome": "None",
            "extraordinaryItems": "0",
            "nonRecurring": "107000000",
            "otherItems": "0",
            "incomeTaxExpense": "382000000",
            "totalOtherIncomeExpense": "-4000000",
            "discontinuedOperations": "0",
            "netIncomeFromContinuingOperations": "983000000",
            "netIncomeApplicableToCommonShares": "983000000",
            "preferredStockAndOtherAdjustments": "None"
        },
        {
            "fiscalDateEnding": "2016-03-31",
            "reportedCurrency": "USD",
            "totalRevenue": "2446000000",
            "totalOperatingExpense": "1098000000",
            "costOfRevenue": "1003000000",
            "grossProfit": "2446000000",
            "ebit": "1357000000",
            "netIncome": "959000000",
            "researchAndDevelopment": "0",
            "effectOfAccountingCharges": "0",
            "incomeBeforeTax": "1337000000",
            "minorityInterest": "32000000",
            "sellingGeneralAdministrative": "1003000000",
            "otherNonOperatingIncome": "9000000",
            "operatingIncome": "1348000000",
            "otherOperatingExpense": "95000000",
            "interestExpense": "20000000",
            "taxProvision": "None",
            "interestIncome": "None",
            "netInterestIncome": "None",
            "extraordinaryItems": "0",
            "nonRecurring": "107000000",
            "otherItems": "0",
            "incomeTaxExpense": "378000000",
            "totalOtherIncomeExpense": "-11000000",
            "discontinuedOperations": "0",
            "netIncomeFromContinuingOperations": "959000000",
            "netIncomeApplicableToCommonShares": "959000000",
            "preferredStockAndOtherAdjustments": "None"
        },
        {
            "fiscalDateEnding": "2015-12-31",
            "reportedCurrency": "USD",
            "totalRevenue": "2517000000",
            "totalOperatingExpense": "1410000000",
            "costOfRevenue": "1317000000",
            "grossProfit": "2517000000",
            "ebit": "1037000000",
            "netIncome": "890000000",
            "researchAndDevelopment": "0",
            "effectOfAccountingCharges": "0",
            "incomeBeforeTax": "1025000000",
            "minorityInterest": "34000000",
            "sellingGeneralAdministrative": "1317000000",
            "otherNonOperatingIncome": "-70000000",
            "operatingIncome": "1107000000",
            "otherOperatingExpense": "93000000",
            "interestExpense": "12000000",
            "taxProvision": "None",
            "interestIncome": "None",
            "netInterestIncome": "None",
            "extraordinaryItems": "0",
            "nonRecurring": "61000000",
            "otherItems": "0",
            "incomeTaxExpense": "135000000",
            "totalOtherIncomeExpense": "-243000000",
            "discontinuedOperations": "0",
            "netIncomeFromContinuingOperations": "890000000",
            "netIncomeApplicableToCommonShares": "890000000",
            "preferredStockAndOtherAdjustments": "None"
        },
        {
            "fiscalDateEnding": "2015-09-30",
            "reportedCurrency": "USD",
            "totalRevenue": "2530000000",
            "totalOperatingExpense": "1161000000",
            "costOfRevenue": "988000000",
            "grossProfit": "2530000000",
            "ebit": "1367000000",
            "netIncome": "977000000",
            "researchAndDevelopment": "0",
            "effectOfAccountingCharges": "0",
            "incomeBeforeTax": "1352000000",
            "minorityInterest": "0",
            "sellingGeneralAdministrative": "1067000000",
            "otherNonOperatingIncome": "-2000000",
            "operatingIncome": "1369000000",
            "otherOperatingExpense": "94000000",
            "interestExpense": "15000000",
            "taxProvision": "None",
            "interestIncome": "None",
            "netInterestIncome": "None",
            "extraordinaryItems": "0",
            "nonRecurring": "0",
            "otherItems": "0",
            "incomeTaxExpense": "375000000",
            "totalOtherIncomeExpense": "-7000000",
            "discontinuedOperations": "0",
            "netIncomeFromContinuingOperations": "977000000",
            "netIncomeApplicableToCommonShares": "977000000",
            "preferredStockAndOtherAdjustments": "None"
        },
        {
            "fiscalDateEnding": "2015-06-30",
            "reportedCurrency": "USD",
            "totalRevenue": "2390000000",
            "totalOperatingExpense": "1139000000",
            "costOfRevenue": "986000000",
            "grossProfit": "2390000000",
            "ebit": "1258000000",
            "netIncome": "921000000",
            "researchAndDevelopment": "0",
            "effectOfAccountingCharges": "0",
            "incomeBeforeTax": "1241000000",
            "minorityInterest": "0",
            "sellingGeneralAdministrative": "986000000",
            "otherNonOperatingIncome": "7000000",
            "operatingIncome": "1251000000",
            "otherOperatingExpense": "92000000",
            "interestExpense": "17000000",
            "taxProvision": "None",
            "interestIncome": "None",
            "netInterestIncome": "None",
            "extraordinaryItems": "0",
            "nonRecurring": "61000000",
            "otherItems": "0",
            "incomeTaxExpense": "320000000",
            "totalOtherIncomeExpense": "1000000",
            "discontinuedOperations": "0",
            "netIncomeFromContinuingOperations": "921000000",
            "netIncomeApplicableToCommonShares": "921000000",
            "preferredStockAndOtherAdjustments": "None"
        }
    ]
}