{
    "symbol": "MSFT",
    "annualReports": [
        {
            "fiscalDateEnding": "2020-06-30",
            "reportedCurrency": "USD",
            "totalRevenue": "143015000000",
            "totalOperatingExpense": "43978000000",
            "costOfRevenue": "46078000000",
            "grossProfit": "96937000000",
            "ebit": "53036000000",
            "netIncome": "44281000000",
            "researchAndDevelopment": "19269000000",
            "effectOfAccountingCharges": "None",
            "incomeBeforeTax": "53036000000",
            "minorityInterest": "None",
            "sellingGeneralAdministrative": "24709000000",
            "otherNonOperatingIncome": "77000000",
            "operatingIncome": "52959000000",
            "otherOperatingExpense": "None",
            "interestExpense": "2591000000",
            "taxProvision": "8755000000",
            "interestIncome": "2680000000",
            "netInterestIncome": "-2591000000",
            "extraordinaryItems": "None",
            "nonRecurring": "None",
            "otherItems": "None",
            "incomeTaxExpense": "8755000000",
            "totalOtherIncomeExpense": "2668000000",
            "discontinuedOperations": "None",
            "netIncomeFromContinuingOperations": "44281000000",
            "netIncomeApplicableToCommonShares": "44281000000",
            "preferredStockAndOtherAdjustments": "None"
        },
        {
            "fiscalDateEnding": "2019-06-30",
            "reportedCurrency": "USD",
            "totalRevenue": "125843000000",
            "totalOperatingExpense": "39974000000",
            "costOfRevenue": "42910000000",
            "grossProfit": "82933000000",
            "ebit": "43688000000",
            "netIncome": "39240000000",
            "researchAndDevelopment": "16876000000",
            "effectOfAccountingCharges": "None",
            "incomeBeforeTax": "43688000000",
            "minorityInterest": "None",
            "sellingGeneralAdministrative": "23098000000",
            "otherNonOperatingIncome": "729000000",
            "operatingIncome": "42959000000",
            "otherOperatingExpense": "None",
            "interestExpense": "2686000000",
            "taxProvision": "4448000000",
            "interestIncome": "812000000",
            "netInterestIncome": "-2686000000",
            "extraordinaryItems": "-157000000",
            "nonRecurring": "None",
            "otherItems": "None",
            "incomeTaxExpense": "4448000000",
            "totalOtherIncomeExpense": "3415000000",
            "discontinuedOperations": "None",
            "netIncomeFromContinuingOperations": "39240000000",
            "netIncomeApplicableToCommonShares": "39240000000",
            "preferredStockAndOtherAdjustments": "None"
        },
        {
            "fiscalDateEnding": "2018-06-30",
            "reportedCurrency": "USD",
            "totalRevenue": "110360000000",
            "totalOperatingExpense": "36949000000",
            "costOfRevenue": "38353000000",
            "grossProfit": "72007000000",
            "ebit": "36474000000",
            "netIncome": "16571000000",
            "researchAndDevelopment": "14726000000",
            "effectOfAccountingCharges": "None",
            "incomeBeforeTax": "36474000000",
            "minorityInterest": "None",
            "sellingGeneralAdministrative": "22223000000",
            "otherNonOperatingIncome": "1416000000",
            "operatingIncome": "35058000000",
            "otherOperatingExpense": "None",
            "interestExpense": "2733000000",
            "taxProvision": "19903000000",
            "interestIncome": "1522000000",
            "netInterestIncome": "-2733000000",
            "extraordinaryItems": "-13700000000",
            "nonRecurring": "None",
            "otherItems": "None",
            "incomeTaxExpense": "19903000000",
            "totalOtherIncomeExpense": "4149000000",
            "discontinuedOperations": "None",
            "netIncomeFromContinuingOperations": "16571000000",
            "netIncomeApplicableToCommonShares": "16571000000",
            "preferredStockAndOtherAdjustments": "None"
        },
        {
            "fiscalDateEnding": "2017-06-30",
            "reportedCurrency": "USD",
            "totalRevenue": "89950000000",
            "totalOperatingExpense": "33363000000",
            "costOfRevenue": "34261000000",
            "grossProfit": "55689000000",
            "ebit": "23149000000",
            "netIncome": "21204000000",
            "researchAndDevelopment": "13037000000",
            "effectOfAccountingCharges": "None",
            "incomeBeforeTax": "23149000000",
            "minorityInterest": "None",
            "sellingGeneralAdministrative": "20020000000",
            "otherNonOperatingIncome": "823000000",
            "operatingIncome": "22326000000",
            "otherOperatingExpense": "306000000",
            "interestExpense": "2222000000",
            "taxProvision": "1945000000",
            "interestIncome": "1182000000",
            "netInterestIncome": "-2222000000",
            "extraordinaryItems": "None",
            "nonRecurring": "306000000",
            "otherItems": "None",
            "incomeTaxExpense": "1945000000",
            "totalOtherIncomeExpense": "2739000000",
            "discontinuedOperations": "None",
            "netIncomeFromContinuingOperations": "21204000000",
            "netIncomeApplicableToCommonShares": "21204000000",
            "preferredStockAndOtherAdjustments": "None"
        },
        {
            "fiscalDateEnding": "2016-06-30",
            "reportedCurrency": "USD",
            "totalRevenue": "85320000000",
            "totalOperatingExpense": "32358000000",
            "costOfRevenue": "32780000000",
            "grossProfit": "52540000000",
            "ebit": "19751000000",
            "netIncome": "16798000000",
            "researchAndDevelopment": "11988000000",
            "effectOfAccountingCharges": "None",
            "incomeBeforeTax": "19751000000",
            "minorityInterest": "None",
            "sellingGeneralAdministrative": "19260000000",
            "otherNonOperatingIncome": "-431000000",
            "operatingIncome": "20182000000",
            "otherOperatingExpense": "1110000000",
            "interestExpense": "1243000000",
            "taxProvision": "5100000000",
            "interestIncome": "78000000",
            "netInterestIncome": "-1243000000",
            "extraordinaryItems": "None",
            "nonRecurring": "1110000000",
            "otherItems": "None",
            "incomeTaxExpense": "2953000000",
            "totalOtherIncomeExpense": "-298000000",
            "discontinuedOperations": "None",
            "netIncomeFromContinuingOperations": "16798000000",
            "netIncomeApplicableToCommonShares": "16798000000",
            "preferredStockAndOtherAdjustments": "None"
        }
    ],
    "quarterlyReports": [
        {
            "fiscalDateEnding": "2020-06-30",
            "reportedCurrency": "USD",
            "totalRevenue": "38033000000",
            "totalOperatingExpense": "24626000000",
            "costOfRevenue": "12339000000",
            "grossProfit": "25694000000",
            "ebit": "17612000000",
            "netIncome": "11202000000",
            "researchAndDevelopment": "5214000000",
            "effectOfAccountingCharges": "None",
            "incomeBeforeTax": "13422000000",
            "minorityInterest": "None",
            "sellingGeneralAdministrative": "7073000000",
            "otherNonOperatingIncome": "15000000",
            "operatingIncome": "13407000000",
            "otherOperatingExpense": "None",
            "interestExpense": "686000000",
            "taxProvision": "2220000000",
            "interestIncome": "None",
            "netInterestIncome": "-686000000",
            "extraordinaryItems": "None",
            "nonRecurring": "None",
            "otherItems": "None",
            "incomeTaxExpense": "2220000000",
            "totalOtherIncomeExpense": "701000000",
            "discontinuedOperations": "None",
            "netIncomeFromContinuingOperations": "11202000000",
            "netIncomeApplicableToCommonShares": "11202000000",
            "preferredStockAndOtherAdjustments": "None"
        },
        {
            "fiscalDateEnding": "2020-03-31",
            "reportedCurrency": "USD",
            "totalRevenue": "35021000000",
            "totalOperatingExpense": "22046000000",
            "costOfRevenue": "10975000000",
            "grossProfit": "24046000000",
            "ebit": "16575000000",
            "netIncome": "10752000000",
            "researchAndDevelopment": "4887000000",
            "effectOfAccountingCharges": "None",
            "incomeBeforeTax": "12843000000",
            "minorityInterest": "None",
            "sellingGeneralAdministrative": "6184000000",
            "otherNonOperatingIncome": "-132000000",
            "operatingIncome": "12975000000",
            "otherOperatingExpense": "None",
            "interestExpense": "614000000",
            "taxProvision": "2091000000",
            "interestIncome": "-153000000",
            "netInterestIncome": "-614000000",
            "extraordinaryItems": "None",
            "nonRecurring": "None",
            "otherItems": "None",
            "incomeTaxExpense": "2091000000",
            "totalOtherIncomeExpense": "482000000",
            "discontinuedOperations": "None",
            "netIncomeFromContinuingOperations": "10752000000",
            "netIncomeApplicableToCommonShares": "10752000000",
            "preferredStockAndOtherAdjustments": "None"
        },
        {
            "fiscalDateEnding": "2019-12-31",
            "reportedCurrency": "USD",
            "totalRevenue": "36906000000",
            "totalOperatingExpense": "23015000000",
            "costOfRevenue": "12358000000",
            "grossProfit": "24548000000",
            "ebit": "17942000000",
            "netIncome": "11649000000",
            "researchAndDevelopment": "4603000000",
            "effectOfAccountingCharges": "None",
            "incomeBeforeTax": "14085000000",
            "minorityInterest": "None",
            "sellingGeneralAdministrative": "6054000000",
            "otherNonOperatingIncome": "194000000",
            "operatingIncome": "13891000000",
            "otherOperatingExpense": "None",
            "interestExpense": "654000000",
            "taxProvision": "2436000000",
            "interestIncome": "281000000",
            "netInterestIncome": "-654000000",
            "extraordinaryItems": "None",
            "nonRecurring": "None",
            "otherItems": "None",
            "incomeTaxExpense": "2436000000",
            "totalOtherIncomeExpense": "848000000",
            "discontinuedOperations": "None",
            "netIncomeFromContinuingOperations": "11649000000",
            "netIncomeApplicableToCommonShares": "11649000000",
            "preferredStockAndOtherAdjustments": "None"
        },
        {
            "fiscalDateEnding": "2019-09-30",
            "reportedCurrency": "USD",
            "totalRevenue": "33055000000",
            "totalOperatingExpense": "20369000000",
            "costOfRevenue": "10406000000",
            "grossProfit": "22649000000",
            "ebit": "16294000000",
            "netIncome": "10678000000",
            "researchAndDevelopment": "4565000000",
            "effectOfAccountingCharges": "None",
            "incomeBeforeTax": "12686000000",
            "minorityInterest": "None",
            "sellingGeneralAdministrative": "5398000000",
            "otherNonOperatingIncome": "None",
            "operatingIncome": "12686000000",
            "otherOperatingExpense": "None",
            "interestExpense": "637000000",
            "taxProvision": "2008000000",
            "interestIncome": "-139000000",
            "netInterestIncome": "-637000000",
            "extraordinaryItems": "None",
            "nonRecurring": "None",
            "otherItems": "None",
            "incomeTaxExpense": "2008000000",
            "totalOtherIncomeExpense": "637000000",
            "discontinuedOperations": "None",
            "netIncomeFromContinuingOperations": "10678000000",
            "netIncomeApplicableToCommonShares": "10678000000",
            "preferredStockAndOtherAdjustments": "None"
        },
        {
            "fiscalDateEnding": "2019-06-30",
            "reportedCurrency": "USD",
            "totalRevenue": "33717000000",
            "totalOperatingExpense": "21312000000",
            "costOfRevenue": "10412000000",
            "grossProfit": "23305000000",
            "ebit": "16189000000",
            "netIncome": "13187000000",
            "researchAndDevelopment": "4513000000",
            "effectOfAccountingCharges": "None",
            "incomeBeforeTax": "12596000000",
            "minorityInterest": "None",
            "sellingGeneralAdministrative": "6387000000",
            "otherNonOperatingIncome": "191000000",
            "operatingIncome": "12405000000",
            "otherOperatingExpense": "None",
            "interestExpense": "669000000",
            "taxProvision": "-591000000",
            "interestIncome": "321000000",
            "netInterestIncome": "-669000000",
            "extraordinaryItems": "2600000000",
            "nonRecurring": "None",
            "otherItems": "None",
            "incomeTaxExpense": "-591000000",
            "totalOtherIncomeExpense": "860000000",
            "discontinuedOperations": "None",
            "netIncomeFromContinuingOperations": "13187000000",
            "netIncomeApplicableToCommonShares": "13187000000",
            "preferredStockAndOtherAdjustments": "None"
        },
        {
            "fiscalDateEnding": "2019-03-31",
            "reportedCurrency": "USD",
            "totalRevenue": "30571000000",
            "totalOperatingExpense": "10060000000",
            "costOfRevenue": "10170000000",
            "grossProfit": "20401000000",
            "ebit": "10486000000",
            "netIncome": "8809000000",
            "researchAndDevelopment": "4316000000",
            "effectOfAccountingCharges": "None",
            "incomeBeforeTax": "10486000000",
            "minorityInterest": "None",
            "sellingGeneralAdministrative": "5744000000",
            "otherNonOperatingIncome": "145000000",
            "operatingIncome": "10341000000",
            "otherOperatingExpense": "None",
            "interestExpense": "671000000",
            "taxProvision": "1677000000",
            "interestIncome": "None",
            "netInterestIncome": "-671000000",
            "extraordinaryItems": "None",
            "nonRecurring": "None",
            "otherItems": "None",
            "incomeTaxExpense": "1677000000",
            "totalOtherIncomeExpense": "816000000",
            "discontinuedOperations": "None",
            "netIncomeFromContinuingOperations": "8809000000",
            "netIncomeApplicableToCommonShares": "8809000000",
            "preferredStockAndOtherAdjustments": "None"
        },
        {
            "fiscalDateEnding": "2018-12-31",
            "reportedCurrency": "USD",
            "totalRevenue": "32471000000",
            "totalOperatingExpense": "9790000000",
            "costOfRevenue": "12423000000",
            "grossProfit": "20048000000",
            "ebit": "10385000000",
            "netIncome": "8420000000",
            "researchAndDevelopment": "4070000000",
            "effectOfAccountingCharges": "None",
            "incomeBeforeTax": "10385000000",
            "minorityInterest": "None",
            "sellingGeneralAdministrative": "5720000000",
            "otherNonOperatingIncome": "127000000",
            "operatingIncome": "10258000000",
            "otherOperatingExpense": "None",
            "interestExpense": "-672000000",
            "taxProvision": "None",
            "interestIncome": "None",
            "netInterestIncome": "None",
            "extraordinaryItems": "-157000000",
            "nonRecurring": "None",
            "otherItems": "None",
            "incomeTaxExpense": "1965000000",
            "totalOtherIncomeExpense": "127000000",
            "discontinuedOperations": "None",
            "netIncomeFromContinuingOperations": "8420000000",
            "netIncomeApplicableToCommonShares": "8420000000",
            "preferredStockAndOtherAdjustments": "None"
        },
        {
            "fiscalDateEnding": "2018-09-30",
            "reportedCurrency": "USD",
            "totalRevenue": "29084000000",
            "totalOperatingExpense": "9224000000",
            "costOfRevenue": "9905000000",
            "grossProfit": "19179000000",
            "ebit": "10221000000",
            "netIncome": "8824000000",
            "researchAndDevelopment": "3977000000",
            "effectOfAccountingCharges": "None",
            "incomeBeforeTax": "10221000000",
            "minorityInterest": "None",
            "sellingGeneralAdministrative": "5247000000",
            "otherNonOperatingIncome": "266000000",
            "operatingIncome": "9955000000",
            "otherOperatingExpense": "None",
            "interestExpense": "-674000000",
            "taxProvision": "None",
            "interestIncome": "None",
            "netInterestIncome": "None",
            "extraordinaryItems": "None",
            "nonRecurring": "None",
            "otherItems": "None",
            "incomeTaxExpense": "1397000000",
            "totalOtherIncomeExpense": "266000000",
            "discontinuedOperations": "None",
            "netIncomeFromContinuingOperations": "8824000000",
            "netIncomeApplicableToCommonShares": "8824000000",
            "preferredStockAndOtherAdjustments": "None"
        },
        {
            "fiscalDateEnding": "2018-06-30",
            "reportedCurrency": "USD",
            "totalRevenue": "30085000000",
            "totalOperatingExpense": "9964000000",
            "costOfRevenue": "9742000000",
            "grossProfit": "20343000000",
            "ebit": "10680000000",
            "netIncome": "8873000000",
            "researchAndDevelopment": "3933000000",
            "effectOfAccountingCharges": "0",
            "incomeBeforeTax": "10680000000",
            "minorityInterest": "0",
            "sellingGeneralAdministrative": "6031000000",
            "otherNonOperatingIncome": "301000000",
            "operatingIncome": "10379000000",
            "otherOperatingExpense": "0",
            "interestExpense": "-672000000",
            "taxProvision": "None",
            "interestIncome": "None",
            "netInterestIncome": "None",
            "extraordinaryItems": "0",
            "nonRecurring": "0",
            "otherItems": "0",
            "incomeTaxExpense": "1807000000",
            "totalOtherIncomeExpense": "301000000",
            "discontinuedOperations": "0",
            "netIncomeFromContinuingOperations": "8873000000",
            "netIncomeApplicableToCommonShares": "8873000000",
            "preferredStockAndOtherAdjustments": "None"
        },
        {
            "fiscalDateEnding": "2018-03-31",
            "reportedCurrency": "USD",
            "totalRevenue": "26819000000",
            "totalOperatingExpense": "9258000000",
            "costOfRevenue": "9269000000",
            "grossProfit": "17550000000",
            "ebit": "8641000000",
            "netIncome": "7424000000",
            "researchAndDevelopment": "3715000000",
            "effectOfAccountingCharges": "0",
            "incomeBeforeTax": "8641000000",
            "minorityInterest": "0",
            "sellingGeneralAdministrative": "5543000000",
            "otherNonOperatingIncome": "349000000",
            "operatingIncome": "8292000000",
            "otherOperatingExpense": "0",
            "interestExpense": "691000000",
            "taxProvision": "None",
            "interestIncome": "None",
            "netInterestIncome": "None",
            "extraordinaryItems": "0",
            "nonRecurring": "0",
            "otherItems": "0",
            "incomeTaxExpense": "1217000000",
            "totalOtherIncomeExpense": "349000000",
            "discontinuedOperations": "0",
            "netIncomeFromContinuingOperations": "7424000000",
            "netIncomeApplicableToCommonShares": "7424000000",
            "preferredStockAndOtherAdjustments": "None"
        },
        {
            "fiscalDateEnding": "2017-12-31",
            "reportedCurrency": "USD",
            "totalRevenue": "28918000000",
            "totalOperatingExpense": "9175000000",
            "costOfRevenue": "11064000000",
            "grossProfit": "17854000000",
            "ebit": "9169000000",
            "netIncome": "-6302000000",
            "researchAndDevelopment": "3504000000",
            "effectOfAccountingCharges": "0",
            "incomeBeforeTax": "9169000000",
            "minorityInterest": "0",
            "sellingGeneralAdministrative": "5671000000",
            "otherNonOperatingIncome": "490000000",
            "operatingIncome": "8679000000",
            "otherOperatingExpense": "0",
            "interestExpense": "698000000",
            "taxProvision": "None",
            "interestIncome": "None",
            "netInterestIncome": "None",
            "extraordinaryItems": "0",
            "nonRecurring": "0",
            "otherItems": "0",
            "incomeTaxExpense": "15471000000",
            "totalOtherIncomeExpense": "214000000",
            "discontinuedOperations": "0",
            "netIncomeFromContinuingOperations": "-6302000000",
            "netIncomeApplicableToCommonShares": "-6302000000",
            "preferredStockAndOtherAdjustments": "None"
        },
        {
            "fiscalDateEnding": "2017-09-30",
            "reportedCurrency": "USD",
            "totalRevenue": "24538000000",
            "totalOperatingExpense": "8552000000",
            "costOfRevenue": "8278000000",
            "grossProfit": "16260000000",
            "ebit": "7984000000",
            "netIncome": "6576000000",
            "researchAndDevelopment": "3574000000",
            "effectOfAccountingCharges": "0",
            "incomeBeforeTax": "7984000000",
            "minorityInterest": "0",
            "sellingGeneralAdministrative": "4978000000",
            "otherNonOperatingIncome": "276000000",
            "operatingIncome": "7708000000",
            "otherOperatingExpense": "0",
            "interestExpense": "672000000",
            "taxProvision": "None",
            "interestIncome": "None",
            "netInterestIncome": "None",
            "extraordinaryItems": "0",
            "nonRecurring": "0",
            "otherItems": "0",
            "incomeTaxExpense": "1408000000",
            "totalOtherIncomeExpense": "276000000",
            "discontinuedOperations": "0",
            "netIncomeFromContinuingOperations": "6576000000",
            "netIncomeApplicableToCommonShares": "6576000000",
            "preferredStockAndOtherAdjustments": "None"
        },
        {
            "fiscalDateEnding": "2017-06-30",
            "reportedCurrency": "USD",
            "totalRevenue": "23317000000",
            "totalOperatingExpense": "9531000000",
            "costOfRevenue": "8456000000",
            "grossProfit": "14861000000",
            "ebit": "5545000000",
            "netIncome": "6513000000",
            "researchAndDevelopment": "3514000000",
            "effectOfAccountingCharges": "0",
            "incomeBeforeTax": "5545000000",
            "minorityInterest": "0",
            "sellingGeneralAdministrative": "5711000000",
            "otherNonOperatingIncome": "215000000",
            "operatingIncome": "5330000000",
            "otherOperatingExpense": "306000000",
            "interestExpense": "655000000",
            "taxProvision": "None",
            "interestIncome": "None",
            "netInterestIncome": "None",
            "extraordinaryItems": "0",
            "nonRecurring": "0",
            "otherItems": "0",
            "incomeTaxExpense": "-968000000",
            "totalOtherIncomeExpense": "-2043000000",
            "discontinuedOperations": "0",
            "netIncomeFromContinuingOperations": "6513000000",
            "netIncomeApplicableToCommonShares": "6513000000",
            "preferredStockAndOtherAdjustments": "None"
        },
        {
            "fiscalDateEnding": "2017-03-31",
            "reportedCurrency": "USD",
            "totalRevenue": "22090000000",
            "totalOperatingExpense": "8436000000",
            "costOfRevenue": "8060000000",
            "grossProfit": "14030000000",
            "ebit": "5916000000",
            "netIncome": "4801000000",
            "researchAndDevelopment": "3355000000",
            "effectOfAccountingCharges": "0",
            "incomeBeforeTax": "5916000000",
            "minorityInterest": "0",
            "sellingGeneralAdministrative": "5081000000",
            "otherNonOperatingIncome": "322000000",
            "operatingIncome": "5594000000",
            "otherOperatingExpense": "0",
            "interestExpense": "609000000",
            "taxProvision": "None",
            "interestIncome": "None",
            "netInterestIncome": "None",
            "extraordinaryItems": "0",
            "nonRecurring": "918000000",
            "otherItems": "0",
            "incomeTaxExpense": "1115000000",
            "totalOtherIncomeExpense": "136000000",
            "discontinuedOperations": "0",
            "netIncomeFromContinuingOperations": "4801000000",
            "netIncomeApplicableToCommonShares": "4801000000",
            "preferredStockAndOtherAdjustments": "None"
        },
        {
            "fiscalDateEnding": "2016-12-31",
            "reportedCurrency": "USD",
            "totalRevenue": "24090000000",
            "totalOperatingExpense": "8012000000",
            "costOfRevenue": "9901000000",
            "grossProfit": "14189000000",
            "ebit": "6363000000",
            "netIncome": "5200000000",
            "researchAndDevelopment": "3062000000",
            "effectOfAccountingCharges": "0",
            "incomeBeforeTax": "6363000000",
            "minorityInterest": "0",
            "sellingGeneralAdministrative": "4950000000",
            "otherNonOperatingIncome": "186000000",
            "operatingIncome": "6177000000",
            "otherOperatingExpense": "0",
            "interestExpense": "521000000",
            "taxProvision": "None",
            "interestIncome": "None",
            "netInterestIncome": "None",
            "extraordinaryItems": "0",
            "nonRecurring": "-918000000",
            "otherItems": "0",
            "incomeTaxExpense": "1163000000",
            "totalOtherIncomeExpense": "86000000",
            "discontinuedOperations": "0",
            "netIncomeFromContinuingOperations": "5200000000",
            "netIncomeApplicableToCommonShares": "5200000000",
            "preferredStockAndOtherAdjustments": "None"
        },
        {
            "fiscalDateEnding": "2016-09-30",
            "reportedCurrency": "USD",
            "totalRevenue": "20453000000",
            "totalOperatingExpense": "7384000000",
            "costOfRevenue": "7844000000",
            "grossProfit": "12609000000",
            "ebit": "5325000000",
            "netIncome": "4690000000",
            "researchAndDevelopment": "3106000000",
            "effectOfAccountingCharges": "0",
            "incomeBeforeTax": "5325000000",
            "minorityInterest": "0",
            "sellingGeneralAdministrative": "4278000000",
            "otherNonOperatingIncome": "100000000",
            "operatingIncome": "5225000000",
            "otherOperatingExpense": "0",
            "interestExpense": "437000000",
            "taxProvision": "None",
            "interestIncome": "None",
            "netInterestIncome": "None",
            "extraordinaryItems": "0",
            "nonRecurring": "306000000",
            "otherItems": "0",
            "incomeTaxExpense": "635000000",
            "totalOtherIncomeExpense": "100000000",
            "discontinuedOperations": "0",
            "netIncomeFromContinuingOperations": "4690000000",
            "netIncomeApplicableToCommonShares": "4690000000",
            "preferredStockAndOtherAdjustments": "None"
        },
        {
            "fiscalDateEnding": "2016-06-30",
            "reportedCurrency": "USD",
            "totalRevenue": "20614000000",
            "totalOperatingExpense": "9555000000",
            "costOfRevenue": "7979000000",
            "grossProfit": "12635000000",
            "ebit": "3347000000",
            "netIncome": "3424000000",
            "researchAndDevelopment": "3146000000",
            "effectOfAccountingCharges": "0",
            "incomeBeforeTax": "3347000000",
            "minorityInterest": "0",
            "sellingGeneralAdministrative": "5299000000",
            "otherNonOperatingIncome": "267000000",
            "operatingIncome": "3080000000",
            "otherOperatingExpense": "1110000000",
            "interestExpense": "345000000",
            "taxProvision": "None",
            "interestIncome": "None",
            "netInterestIncome": "None",
            "extraordinaryItems": "0",
            "nonRecurring": "1110000000",
            "otherItems": "0",
            "incomeTaxExpense": "-77000000",
            "totalOtherIncomeExpense": "-1302000000",
            "discontinuedOperations": "0",
            "netIncomeFromContinuingOperations": "3424000000",
            "netIncomeApplicableToCommonShares": "3424000000",
            "preferredStockAndOtherAdjustments": "None"
        },
        {
            "fiscalDateEnding": "2016-03-31",
            "reportedCurrency": "USD",
            "totalRevenue": "20531000000",
            "totalOperatingExpense": "7526000000",
            "costOfRevenue": "7722000000",
            "grossProfit": "12809000000",
            "ebit": "5036000000",
            "netIncome": "3756000000",
            "researchAndDevelopment": "2980000000",
            "effectOfAccountingCharges": "0",
            "incomeBeforeTax": "5036000000",
            "minorityInterest": "0",
            "sellingGeneralAdministrative": "4546000000",
            "otherNonOperatingIncome": "-247000000",
            "operatingIncome": "5283000000",
            "otherOperatingExpense": "0",
            "interestExpense": "340000000",
            "taxProvision": "None",
            "interestIncome": "None",
            "netInterestIncome": "None",
            "extraordinaryItems": "0",
            "nonRecurring": "0",
            "otherItems": "0",
            "incomeTaxExpense": "1280000000",
            "totalOtherIncomeExpense": "-76000000",
            "discontinuedOperations": "0",
            "netIncomeFromContinuingOperations": "3756000000",
            "netIncomeApplicableToCommonShares": "3756000000",
            "preferredStockAndOtherAdjustments": "None"
        },
        {
            "fiscalDateEnding": "2015-12-31",
            "reportedCurrency": "USD",
            "totalRevenue": "23796000000",
            "totalOperatingExpense": "7898000000",
            "costOfRevenue": "9872000000",
            "grossProfit": "13924000000",
            "ebit": "5855000000",
            "netIncome": "4998000000",
            "researchAndDevelopment": "2900000000",
            "effectOfAccountingCharges": "0",
            "incomeBeforeTax": "5855000000",
            "minorityInterest": "0",
            "sellingGeneralAdministrative": "4998000000",
            "otherNonOperatingIncome": "-171000000",
            "operatingIncome": "6026000000",
            "otherOperatingExpense": "0",
            "interestExpense": "309000000",
            "taxProvision": "None",
            "interestIncome": "None",
            "netInterestIncome": "None",
            "extraordinaryItems": "0",
            "nonRecurring": "0",
            "otherItems": "0",
            "incomeTaxExpense": "857000000",
            "totalOtherIncomeExpense": "109000000",
            "discontinuedOperations": "0",
            "netIncomeFromContinuingOperations": "4998000000",
            "netIncomeApplicableToCommonShares": "4998000000",
            "preferredStockAndOtherAdjustments": "None"
        },
        {
            "fiscalDateEnding": "2015-09-30",
            "reportedCurrency": "USD",
            "totalRevenue": "20379000000",
            "totalOperatingExpense": "7379000000",
            "costOfRevenue": "7207000000",
            "grossProfit": "13172000000",
            "ebit": "5513000000",
            "netIncome": "4902000000",
            "researchAndDevelopment": "2962000000",
            "effectOfAccountingCharges": "0",
            "incomeBeforeTax": "5513000000",
            "minorityInterest": "0",
            "sellingGeneralAdministrative": "4417000000",
            "otherNonOperatingIncome": "-280000000",
            "operatingIncome": "5793000000",
            "otherOperatingExpense": "0",
            "interestExpense": "249000000",
            "taxProvision": "None",
            "interestIncome": "None",
            "netInterestIncome": "None",
            "extraordinaryItems": "0",
            "nonRecurring": "0",
            "otherItems": "0",
            "incomeTaxExpense": "893000000",
            "totalOtherIncomeExpense": "-280000000",
            "discontinuedOperations": "0",
            "netIncomeFromContinuingOperations": "4620000000",
            "netIncomeApplicableToCommonShares": "4902000000",
            "preferredStockAndOtherAdjustments": "None"
        },
        {
            "fiscalDateEnding": "2015-06-30",
            "reportedCurrency": "USD",
            "totalRevenue": "22180000000",
            "totalOperatingExpense": "16765000000",
            "costOfRevenue": "7468000000",
            "grossProfit": "14712000000",
            "ebit": "-1756000000",
            "netIncome": "-3195000000",
            "researchAndDevelopment": "3094000000",
            "effectOfAccountingCharges": "0",
            "incomeBeforeTax": "-1756000000",
            "minorityInterest": "0",
            "sellingGeneralAdministrative": "5233000000",
            "otherNonOperatingIncome": "297000000",
            "operatingIncome": "-2053000000",
            "otherOperatingExpense": "10011000000",
            "interestExpense": "247000000",
            "taxProvision": "None",
            "interestIncome": "None",
            "netInterestIncome": "None",
            "extraordinaryItems": "0",
            "nonRecurring": "10011000000",
            "otherItems": "0",
            "incomeTaxExpense": "1439000000",
            "totalOtherIncomeExpense": "-9588000000",
            "discontinuedOperations": "0",
            "netIncomeFromContinuingOperations": "-3195000000",
            "netIncomeApplicableToCommonShares": "-3195000000",
            "preferredStockAndOtherAdjustments": "None"
        }
    ]
}