{
    "symbol": "NFLX",
    "annualReports": [
        {
            "fiscalDateEnding": "2019-12-31",
            "reportedCurrency": "USD",
            "totalRevenue": "20156447000",
            "totalOperatingExpense": "5111980000",
            "costOfRevenue": "12440213000",
            "grossProfit": "7716234000",
            "ebit": "2688254000",
            "netIncome": "1866916000",
            "researchAndDevelopment": "1545149000",
            "effectOfAccountingCharges": "None",
            "incomeBeforeTax": "2062231000",
            "minorityInterest": "None",
            "sellingGeneralAdministrative": "3566831000",
            "otherNonOperatingIncome": "84000000",
            "operatingIncome": "2604254000",
            "otherOperatingExpense": "1545149000",
            "interestExpense": "626023000",
            "taxProvision": "195315000",
            "interestIncome": "84000000",
            "netInterestIncome": "-542023000",
            "extraordinaryItems": "127534000",
            "nonRecurring": "None",
            "otherItems": "None",
            "incomeTaxExpense": "195315000",
            "totalOtherIncomeExpense": "-542023000",
            "discontinuedOperations": "None",
            "netIncomeFromContinuingOperations": "1866916000",
            "netIncomeApplicableToCommonShares": "1866916000",
            "preferredStockAndOtherAdjustments": "None"
        },
        {
            "fiscalDateEnding": "2018-12-31",
            "reportedCurrency": "USD",
            "totalRevenue": "15794341000",
            "totalOperatingExpense": "4221577000",
            "costOfRevenue": "9967538000",
            "grossProfit": "5826803000",
            "ebit": "1646951000",
            "netIncome": "1211242000",
            "researchAndDevelopment": "1221814000",
            "effectOfAccountingCharges": "None",
            "incomeBeforeTax": "1226458000",
            "minorityInterest": "None",
            "sellingGeneralAdministrative": "2999763000",
            "otherNonOperatingIncome": "41725000",
            "operatingIncome": "1605226000",
            "otherOperatingExpense": "1221814000",
            "interestExpense": "420493000",
            "taxProvision": "15216000",
            "interestIncome": "41725000",
            "netInterestIncome": "-378768000",
            "extraordinaryItems": "28901000",
            "nonRecurring": "None",
            "otherItems": "None",
            "incomeTaxExpense": "15216000",
            "totalOtherIncomeExpense": "-378768000",
            "discontinuedOperations": "None",
            "netIncomeFromContinuingOperations": "1211242000",
            "netIncomeApplicableToCommonShares": "1211242000",
            "preferredStockAndOtherAdjustments": "None"
        },
        {
            "fiscalDateEnding": "2017-12-31",
            "reportedCurrency": "USD",
            "totalRevenue": "11692713000",
            "totalOperatingExpense": "3194368000",
            "costOfRevenue": "7659666000",
            "grossProfit": "4033047000",
            "ebit": "723525000",
            "netIncome": "558929000",
            "researchAndDevelopment": "1052778000",
            "effectOfAccountingCharges": "None",
            "incomeBeforeTax": "485321000",
            "minorityInterest": "None",
            "sellingGeneralAdministrative": "2141590000",
            "otherNonOperatingIncome": "-115154000",
            "operatingIncome": "838679000",
            "otherOperatingExpense": "1052778000",
            "interestExpense": "238204000",
            "taxProvision": "-73608000",
            "interestIncome": "-115154000",
            "netInterestIncome": "-353358000",
            "extraordinaryItems": "-79100000",
            "nonRecurring": "None",
            "otherItems": "None",
            "incomeTaxExpense": "-73608000",
            "totalOtherIncomeExpense": "-353358000",
            "discontinuedOperations": "None",
            "netIncomeFromContinuingOperations": "558929000",
            "netIncomeApplicableToCommonShares": "558929000",
            "preferredStockAndOtherAdjustments": "None"
        },
        {
            "fiscalDateEnding": "2016-12-31",
            "reportedCurrency": "USD",
            "totalRevenue": "8830669000",
            "totalOperatingExpense": "2420975000",
            "costOfRevenue": "6029901000",
            "grossProfit": "2800768000",
            "ebit": "410621000",
            "netIncome": "186678000",
            "researchAndDevelopment": "852098000",
            "effectOfAccountingCharges": "None",
            "incomeBeforeTax": "260507000",
            "minorityInterest": "None",
            "sellingGeneralAdministrative": "1568877000",
            "otherNonOperatingIncome": "30828000",
            "operatingIncome": "379793000",
            "otherOperatingExpense": "852098000",
            "interestExpense": "150114000",
            "taxProvision": "73829000",
            "interestIncome": "30828000",
            "netInterestIncome": "-119286000",
            "extraordinaryItems": "None",
            "nonRecurring": "None",
            "otherItems": "None",
            "incomeTaxExpense": "73829000",
            "totalOtherIncomeExpense": "-119286000",
            "discontinuedOperations": "None",
            "netIncomeFromContinuingOperations": "186678000",
            "netIncomeApplicableToCommonShares": "186678000",
            "preferredStockAndOtherAdjustments": "None"
        },
        {
            "fiscalDateEnding": "2015-12-31",
            "reportedCurrency": "USD",
            "totalRevenue": "6779511000",
            "totalOperatingExpense": "1882209000",
            "costOfRevenue": "4591476000",
            "grossProfit": "2188035000",
            "ebit": "274601000",
            "netIncome": "122641000",
            "researchAndDevelopment": "650788000",
            "effectOfAccountingCharges": "None",
            "incomeBeforeTax": "141885000",
            "minorityInterest": "None",
            "sellingGeneralAdministrative": "1231421000",
            "otherNonOperatingIncome": "-31225000",
            "operatingIncome": "305826000",
            "otherOperatingExpense": "None",
            "interestExpense": "132716000",
            "taxProvision": "19244000",
            "interestIncome": "-163941000",
            "netInterestIncome": "None",
            "extraordinaryItems": "None",
            "nonRecurring": "None",
            "otherItems": "None",
            "incomeTaxExpense": "19244000",
            "totalOtherIncomeExpense": "-163941000",
            "discontinuedOperations": "None",
            "netIncomeFromContinuingOperations": "122641000",
            "netIncomeApplicableToCommonShares": "122641000",
            "preferredStockAndOtherAdjustments": "None"
        }
    ],
    "quarterlyReports": [
        {
            "fiscalDateEnding": "2020-06-30",
            "reportedCurrency": "USD",
            "totalRevenue": "6148286000",
            "totalOperatingExpense": "1146651000",
            "costOfRevenue": "3643707000",
            "grossProfit": "2504579000",
            "ebit": "1224753000",
            "netIncome": "720196000",
            "researchAndDevelopment": "435045000",
            "effectOfAccountingCharges": "None",
            "incomeBeforeTax": "1035602000",
            "minorityInterest": "None",
            "sellingGeneralAdministrative": "711606000",
            "otherNonOperatingIncome": "-133175000",
            "operatingIncome": "1357928000",
            "otherOperatingExpense": "None",
            "interestExpense": "189151000",
            "taxProvision": "315406000",
            "interestIncome": "-133175000",
            "netInterestIncome": "-322326000",
            "extraordinaryItems": "None",
            "nonRecurring": "None",
            "otherItems": "None",
            "incomeTaxExpense": "315406000",
            "totalOtherIncomeExpense": "None",
            "discontinuedOperations": "None",
            "netIncomeFromContinuingOperations": "720196000",
            "netIncomeApplicableToCommonShares": "720196000",
            "preferredStockAndOtherAdjustments": "None"
        },
        {
            "fiscalDateEnding": "2020-03-31",
            "reportedCurrency": "USD",
            "totalRevenue": "5767691000",
            "totalOperatingExpense": "1209734000",
            "costOfRevenue": "3599701000",
            "grossProfit": "2167990000",
            "ebit": "979953000",
            "netIncome": "709067000",
            "researchAndDevelopment": "453817000",
            "effectOfAccountingCharges": "None",
            "incomeBeforeTax": "795870000",
            "minorityInterest": "None",
            "sellingGeneralAdministrative": "755917000",
            "otherNonOperatingIncome": "21697000",
            "operatingIncome": "958256000",
            "otherOperatingExpense": "None",
            "interestExpense": "184083000",
            "taxProvision": "86803000",
            "interestIncome": "21697000",
            "netInterestIncome": "-162386000",
            "extraordinaryItems": "None",
            "nonRecurring": "None",
            "otherItems": "None",
            "incomeTaxExpense": "86803000",
            "totalOtherIncomeExpense": "None",
            "discontinuedOperations": "None",
            "netIncomeFromContinuingOperations": "709067000",
            "netIncomeApplicableToCommonShares": "709067000",
            "preferredStockAndOtherAdjustments": "None"
        },
        {
            "fiscalDateEnding": "2019-12-31",
            "reportedCurrency": "USD",
            "totalRevenue": "5467434000",
            "totalOperatingExpense": "1542899000",
            "costOfRevenue": "3466023000",
            "grossProfit": "2001411000",
            "ebit": "327134000",
            "netIncome": "586970000",
            "researchAndDevelopment": "409376000",
            "effectOfAccountingCharges": "None",
            "incomeBeforeTax": "149333000",
            "minorityInterest": "None",
            "sellingGeneralAdministrative": "1133523000",
            "otherNonOperatingIncome": "-131378000",
            "operatingIncome": "458512000",
            "otherOperatingExpense": "1545149000",
            "interestExpense": "177801000",
            "taxProvision": "-437637000",
            "interestIncome": "-131378000",
            "netInterestIncome": "-309179000",
            "extraordinaryItems": "127534000",
            "nonRecurring": "None",
            "otherItems": "None",
            "incomeTaxExpense": "-437637000",
            "totalOtherIncomeExpense": "-309179000",
            "discontinuedOperations": "None",
            "netIncomeFromContinuingOperations": "586970000",
            "netIncomeApplicableToCommonShares": "586970000",
            "preferredStockAndOtherAdjustments": "None"
        },
        {
            "fiscalDateEnding": "2019-09-30",
            "reportedCurrency": "USD",
            "totalRevenue": "5244905000",
            "totalOperatingExpense": "1166747000",
            "costOfRevenue": "3097919000",
            "grossProfit": "2146986000",
            "ebit": "1172983000",
            "netIncome": "665244000",
            "researchAndDevelopment": "379776000",
            "effectOfAccountingCharges": "None",
            "incomeBeforeTax": "1012323000",
            "minorityInterest": "None",
            "sellingGeneralAdministrative": "786971000",
            "otherNonOperatingIncome": "192744000",
            "operatingIncome": "980239000",
            "otherOperatingExpense": "None",
            "interestExpense": "160660000",
            "taxProvision": "347079000",
            "interestIncome": "192744000",
            "netInterestIncome": "32084000",
            "extraordinaryItems": "None",
            "nonRecurring": "None",
            "otherItems": "None",
            "incomeTaxExpense": "347079000",
            "totalOtherIncomeExpense": "32084000",
            "discontinuedOperations": "None",
            "netIncomeFromContinuingOperations": "665244000",
            "netIncomeApplicableToCommonShares": "665244000",
            "preferredStockAndOtherAdjustments": "None"
        },
        {
            "fiscalDateEnding": "2019-06-30",
            "reportedCurrency": "USD",
            "totalRevenue": "4923116000",
            "totalOperatingExpense": "1211040000",
            "costOfRevenue": "3005657000",
            "grossProfit": "1917459000",
            "ebit": "652949000",
            "netIncome": "270650000",
            "researchAndDevelopment": "383233000",
            "effectOfAccountingCharges": "None",
            "incomeBeforeTax": "500916000",
            "minorityInterest": "None",
            "sellingGeneralAdministrative": "827807000",
            "otherNonOperatingIncome": "-53470000",
            "operatingIncome": "706419000",
            "otherOperatingExpense": "None",
            "interestExpense": "152033000",
            "taxProvision": "230266000",
            "interestIncome": "-53470000",
            "netInterestIncome": "-205503000",
            "extraordinaryItems": "None",
            "nonRecurring": "None",
            "otherItems": "None",
            "incomeTaxExpense": "230266000",
            "totalOtherIncomeExpense": "-205503000",
            "discontinuedOperations": "None",
            "netIncomeFromContinuingOperations": "270650000",
            "netIncomeApplicableToCommonShares": "270650000",
            "preferredStockAndOtherAdjustments": "None"
        },
        {
            "fiscalDateEnding": "2019-03-31",
            "reportedCurrency": "USD",
            "totalRevenue": "4520992000",
            "totalOperatingExpense": "1191294000",
            "costOfRevenue": "2870614000",
            "grossProfit": "1650378000",
            "ebit": "535188000",
            "netIncome": "344052000",
            "researchAndDevelopment": "372764000",
            "effectOfAccountingCharges": "None",
            "incomeBeforeTax": "399659000",
            "minorityInterest": "None",
            "sellingGeneralAdministrative": "818530000",
            "otherNonOperatingIncome": "76104000",
            "operatingIncome": "459084000",
            "otherOperatingExpense": "None",
            "interestExpense": "135529000",
            "taxProvision": "55607000",
            "interestIncome": "76104000",
            "netInterestIncome": "-59425000",
            "extraordinaryItems": "None",
            "nonRecurring": "None",
            "otherItems": "None",
            "incomeTaxExpense": "55607000",
            "totalOtherIncomeExpense": "-59425000",
            "discontinuedOperations": "None",
            "netIncomeFromContinuingOperations": "344052000",
            "netIncomeApplicableToCommonShares": "344052000",
            "preferredStockAndOtherAdjustments": "None"
        },
        {
            "fiscalDateEnding": "2018-12-31",
            "reportedCurrency": "USD",
            "totalRevenue": "4186841000",
            "totalOperatingExpense": "901824000",
            "costOfRevenue": "3069250000",
            "grossProfit": "1117591000",
            "ebit": "248203000",
            "netIncome": "133934000",
            "researchAndDevelopment": "276845000",
            "effectOfAccountingCharges": "0",
            "incomeBeforeTax": "119396000",
            "minorityInterest": "0",
            "sellingGeneralAdministrative": "624979000",
            "otherNonOperatingIncome": "32436000",
            "operatingIncome": "215767000",
            "otherOperatingExpense": "1221814000",
            "interestExpense": "128807000",
            "taxProvision": "None",
            "interestIncome": "None",
            "netInterestIncome": "None",
            "extraordinaryItems": "-8699000",
            "nonRecurring": "0",
            "otherItems": "0",
            "incomeTaxExpense": "-14538000",
            "totalOtherIncomeExpense": "-96371000",
            "discontinuedOperations": "0",
            "netIncomeFromContinuingOperations": "133934000",
            "netIncomeApplicableToCommonShares": "133934000",
            "preferredStockAndOtherAdjustments": "None"
        },
        {
            "fiscalDateEnding": "2018-09-30",
            "reportedCurrency": "USD",
            "totalRevenue": "3999374000",
            "totalOperatingExpense": "1106360000",
            "costOfRevenue": "2412346000",
            "grossProfit": "1587028000",
            "ebit": "487672000",
            "netIncome": "402835000",
            "researchAndDevelopment": "327026000",
            "effectOfAccountingCharges": "0",
            "incomeBeforeTax": "378810000",
            "minorityInterest": "0",
            "sellingGeneralAdministrative": "779334000",
            "otherNonOperatingIncome": "7004000",
            "operatingIncome": "480668000",
            "otherOperatingExpense": "0",
            "interestExpense": "108862000",
            "taxProvision": "None",
            "interestIncome": "None",
            "netInterestIncome": "None",
            "extraordinaryItems": "0",
            "nonRecurring": "0",
            "otherItems": "0",
            "incomeTaxExpense": "-24025000",
            "totalOtherIncomeExpense": "-101858000",
            "discontinuedOperations": "0",
            "netIncomeFromContinuingOperations": "402835000",
            "netIncomeApplicableToCommonShares": "402835000",
            "preferredStockAndOtherAdjustments": "None"
        },
        {
            "fiscalDateEnding": "2018-06-30",
            "reportedCurrency": "USD",
            "totalRevenue": "3907270000",
            "totalOperatingExpense": "1155190000",
            "costOfRevenue": "2289867000",
            "grossProfit": "1617403000",
            "ebit": "530241000",
            "netIncome": "384349000",
            "researchAndDevelopment": "317213000",
            "effectOfAccountingCharges": "0",
            "incomeBeforeTax": "428636000",
            "minorityInterest": "0",
            "sellingGeneralAdministrative": "837977000",
            "otherNonOperatingIncome": "68028000",
            "operatingIncome": "462213000",
            "otherOperatingExpense": "0",
            "interestExpense": "101605000",
            "taxProvision": "None",
            "interestIncome": "None",
            "netInterestIncome": "None",
            "extraordinaryItems": "0",
            "nonRecurring": "0",
            "otherItems": "0",
            "incomeTaxExpense": "44287000",
            "totalOtherIncomeExpense": "-33577000",
            "discontinuedOperations": "0",
            "netIncomeFromContinuingOperations": "384349000",
            "netIncomeApplicableToCommonShares": "384349000",
            "preferredStockAndOtherAdjustments": "None"
        },
        {
            "fiscalDateEnding": "2018-03-31",
            "reportedCurrency": "USD",
            "totalRevenue": "3700856000",
            "totalOperatingExpense": "1058203000",
            "costOfRevenue": "2196075000",
            "grossProfit": "1504781000",
            "ebit": "380835000",
            "netIncome": "290124000",
            "researchAndDevelopment": "300730000",
            "effectOfAccountingCharges": "0",
            "incomeBeforeTax": "299616000",
            "minorityInterest": "0",
            "sellingGeneralAdministrative": "757473000",
            "otherNonOperatingIncome": "-65743000",
            "operatingIncome": "446578000",
            "otherOperatingExpense": "0",
            "interestExpense": "81219000",
            "taxProvision": "None",
            "interestIncome": "None",
            "netInterestIncome": "None",
            "extraordinaryItems": "0",
            "nonRecurring": "0",
            "otherItems": "0",
            "incomeTaxExpense": "9492000",
            "totalOtherIncomeExpense": "-146962000",
            "discontinuedOperations": "0",
            "netIncomeFromContinuingOperations": "290124000",
            "netIncomeApplicableToCommonShares": "290124000",
            "preferredStockAndOtherAdjustments": "None"
        },
        {
            "fiscalDateEnding": "2017-12-31",
            "reportedCurrency": "USD",
            "totalRevenue": "3285755000",
            "totalOperatingExpense": "933098000",
            "costOfRevenue": "2107354000",
            "grossProfit": "1178401000",
            "ebit": "206622000",
            "netIncome": "185517000",
            "researchAndDevelopment": "247132000",
            "effectOfAccountingCharges": "0",
            "incomeBeforeTax": "131330000",
            "minorityInterest": "0",
            "sellingGeneralAdministrative": "659747000",
            "otherNonOperatingIncome": "-38681000",
            "operatingIncome": "245303000",
            "otherOperatingExpense": "1052778000",
            "interestExpense": "75292000",
            "taxProvision": "None",
            "interestIncome": "None",
            "netInterestIncome": "None",
            "extraordinaryItems": "0",
            "nonRecurring": "0",
            "otherItems": "0",
            "incomeTaxExpense": "-54187000",
            "totalOtherIncomeExpense": "-321656000",
            "discontinuedOperations": "0",
            "netIncomeFromContinuingOperations": "185517000",
            "netIncomeApplicableToCommonShares": "185517000",
            "preferredStockAndOtherAdjustments": "None"
        },
        {
            "fiscalDateEnding": "2017-09-30",
            "reportedCurrency": "USD",
            "totalRevenue": "2984859000",
            "totalOperatingExpense": "783252000",
            "costOfRevenue": "1992980000",
            "grossProfit": "991879000",
            "ebit": "176925000",
            "netIncome": "129590000",
            "researchAndDevelopment": "255236000",
            "effectOfAccountingCharges": "0",
            "incomeBeforeTax": "116237000",
            "minorityInterest": "0",
            "sellingGeneralAdministrative": "528016000",
            "otherNonOperatingIncome": "-31702000",
            "operatingIncome": "208627000",
            "otherOperatingExpense": "0",
            "interestExpense": "60688000",
            "taxProvision": "None",
            "interestIncome": "None",
            "netInterestIncome": "None",
            "extraordinaryItems": "0",
            "nonRecurring": "0",
            "otherItems": "0",
            "incomeTaxExpense": "-13353000",
            "totalOtherIncomeExpense": "26661000",
            "discontinuedOperations": "0",
            "netIncomeFromContinuingOperations": "129590000",
            "netIncomeApplicableToCommonShares": "129590000",
            "preferredStockAndOtherAdjustments": "None"
        },
        {
            "fiscalDateEnding": "2017-06-30",
            "reportedCurrency": "USD",
            "totalRevenue": "2785464000",
            "totalOperatingExpense": "755349000",
            "costOfRevenue": "1902308000",
            "grossProfit": "883156000",
            "ebit": "69444000",
            "netIncome": "65600000",
            "researchAndDevelopment": "267083000",
            "effectOfAccountingCharges": "0",
            "incomeBeforeTax": "13962000",
            "minorityInterest": "0",
            "sellingGeneralAdministrative": "488266000",
            "otherNonOperatingIncome": "-58363000",
            "operatingIncome": "127807000",
            "otherOperatingExpense": "0",
            "interestExpense": "55482000",
            "taxProvision": "None",
            "interestIncome": "None",
            "netInterestIncome": "None",
            "extraordinaryItems": "0",
            "nonRecurring": "0",
            "otherItems": "0",
            "incomeTaxExpense": "-51638000",
            "totalOtherIncomeExpense": "-71955000",
            "discontinuedOperations": "0",
            "netIncomeFromContinuingOperations": "65600000",
            "netIncomeApplicableToCommonShares": "65600000",
            "preferredStockAndOtherAdjustments": "None"
        },
        {
            "fiscalDateEnding": "2017-03-31",
            "reportedCurrency": "USD",
            "totalRevenue": "2636635000",
            "totalOperatingExpense": "722669000",
            "costOfRevenue": "1657024000",
            "grossProfit": "979611000",
            "ebit": "270534000",
            "netIncome": "178222000",
            "researchAndDevelopment": "257108000",
            "effectOfAccountingCharges": "0",
            "incomeBeforeTax": "223792000",
            "minorityInterest": "0",
            "sellingGeneralAdministrative": "465561000",
            "otherNonOperatingIncome": "13592000",
            "operatingIncome": "256942000",
            "otherOperatingExpense": "0",
            "interestExpense": "46742000",
            "taxProvision": "None",
            "interestIncome": "None",
            "netInterestIncome": "None",
            "extraordinaryItems": "0",
            "nonRecurring": "0",
            "otherItems": "0",
            "incomeTaxExpense": "45570000",
            "totalOtherIncomeExpense": "13592000",
            "discontinuedOperations": "0",
            "netIncomeFromContinuingOperations": "178222000",
            "netIncomeApplicableToCommonShares": "178222000",
            "preferredStockAndOtherAdjustments": "None"
        },
        {
            "fiscalDateEnding": "2016-12-31",
            "reportedCurrency": "USD",
            "totalRevenue": "2477541000",
            "totalOperatingExpense": "669188000",
            "costOfRevenue": "1654419000",
            "grossProfit": "823122000",
            "ebit": "133855000",
            "netIncome": "66748000",
            "researchAndDevelopment": "205912000",
            "effectOfAccountingCharges": "0",
            "incomeBeforeTax": "90269000",
            "minorityInterest": "0",
            "sellingGeneralAdministrative": "443997000",
            "otherNonOperatingIncome": "-20079000",
            "operatingIncome": "153934000",
            "otherOperatingExpense": "852098000",
            "interestExpense": "43586000",
            "taxProvision": "None",
            "interestIncome": "None",
            "netInterestIncome": "None",
            "extraordinaryItems": "0",
            "nonRecurring": "0",
            "otherItems": "0",
            "incomeTaxExpense": "23521000",
            "totalOtherIncomeExpense": "-127913000",
            "discontinuedOperations": "0",
            "netIncomeFromContinuingOperations": "66748000",
            "netIncomeApplicableToCommonShares": "66748000",
            "preferredStockAndOtherAdjustments": "None"
        },
        {
            "fiscalDateEnding": "2016-09-30",
            "reportedCurrency": "USD",
            "totalRevenue": "2290188000",
            "totalOperatingExpense": "651308000",
            "costOfRevenue": "1532844000",
            "grossProfit": "757344000",
            "ebit": "114663000",
            "netIncome": "51517000",
            "researchAndDevelopment": "216099000",
            "effectOfAccountingCharges": "0",
            "incomeBeforeTax": "79127000",
            "minorityInterest": "0",
            "sellingGeneralAdministrative": "435209000",
            "otherNonOperatingIncome": "8627000",
            "operatingIncome": "106036000",
            "otherOperatingExpense": "0",
            "interestExpense": "35536000",
            "taxProvision": "None",
            "interestIncome": "None",
            "netInterestIncome": "None",
            "extraordinaryItems": "0",
            "nonRecurring": "0",
            "otherItems": "0",
            "incomeTaxExpense": "27610000",
            "totalOtherIncomeExpense": "-7690000",
            "discontinuedOperations": "0",
            "netIncomeFromContinuingOperations": "51517000",
            "netIncomeApplicableToCommonShares": "51517000",
            "preferredStockAndOtherAdjustments": "None"
        },
        {
            "fiscalDateEnding": "2016-06-30",
            "reportedCurrency": "USD",
            "totalRevenue": "2105204000",
            "totalOperatingExpense": "561736000",
            "costOfRevenue": "1473098000",
            "grossProfit": "632106000",
            "ebit": "86687000",
            "netIncome": "40755000",
            "researchAndDevelopment": "207300000",
            "effectOfAccountingCharges": "0",
            "incomeBeforeTax": "51232000",
            "minorityInterest": "0",
            "sellingGeneralAdministrative": "354436000",
            "otherNonOperatingIncome": "16317000",
            "operatingIncome": "70370000",
            "otherOperatingExpense": "0",
            "interestExpense": "35455000",
            "taxProvision": "None",
            "interestIncome": "None",
            "netInterestIncome": "None",
            "extraordinaryItems": "0",
            "nonRecurring": "0",
            "otherItems": "0",
            "incomeTaxExpense": "10477000",
            "totalOtherIncomeExpense": "-9646000",
            "discontinuedOperations": "0",
            "netIncomeFromContinuingOperations": "40755000",
            "netIncomeApplicableToCommonShares": "40755000",
            "preferredStockAndOtherAdjustments": "None"
        },
        {
            "fiscalDateEnding": "2016-03-31",
            "reportedCurrency": "USD",
            "totalRevenue": "1957736000",
            "totalOperatingExpense": "538743000",
            "costOfRevenue": "1369540000",
            "grossProfit": "588196000",
            "ebit": "75416000",
            "netIncome": "27658000",
            "researchAndDevelopment": "203508000",
            "effectOfAccountingCharges": "0",
            "incomeBeforeTax": "39879000",
            "minorityInterest": "0",
            "sellingGeneralAdministrative": "335235000",
            "otherNonOperatingIncome": "25963000",
            "operatingIncome": "49453000",
            "otherOperatingExpense": "0",
            "interestExpense": "35537000",
            "taxProvision": "None",
            "interestIncome": "None",
            "netInterestIncome": "None",
            "extraordinaryItems": "0",
            "nonRecurring": "0",
            "otherItems": "0",
            "incomeTaxExpense": "12221000",
            "totalOtherIncomeExpense": "25963000",
            "discontinuedOperations": "0",
            "netIncomeFromContinuingOperations": "27658000",
            "netIncomeApplicableToCommonShares": "27658000",
            "preferredStockAndOtherAdjustments": "None"
        },
        {
            "fiscalDateEnding": "2015-12-31",
            "reportedCurrency": "USD",
            "totalRevenue": "1823333000",
            "totalOperatingExpense": "514074000",
            "costOfRevenue": "1249365000",
            "grossProfit": "573968000",
            "ebit": "56160000",
            "netIncome": "43178000",
            "researchAndDevelopment": "180859000",
            "effectOfAccountingCharges": "0",
            "incomeBeforeTax": "20731000",
            "minorityInterest": "0",
            "sellingGeneralAdministrative": "333215000",
            "otherNonOperatingIncome": "-3734000",
            "operatingIncome": "59894000",
            "otherOperatingExpense": "0",
            "interestExpense": "35429000",
            "taxProvision": "None",
            "interestIncome": "None",
            "netInterestIncome": "None",
            "extraordinaryItems": "0",
            "nonRecurring": "0",
            "otherItems": "0",
            "incomeTaxExpense": "-22447000",
            "totalOtherIncomeExpense": "-167871000",
            "discontinuedOperations": "0",
            "netIncomeFromContinuingOperations": "43178000",
            "netIncomeApplicableToCommonShares": "43178000",
            "preferredStockAndOtherAdjustments": "None"
        },
        {
            "fiscalDateEnding": "2015-09-30",
            "reportedCurrency": "USD",
            "totalRevenue": "1738355000",
            "totalOperatingExpense": "490756000",
            "costOfRevenue": "1173958000",
            "grossProfit": "564397000",
            "ebit": "77571000",
            "netIncome": "29432000",
            "researchAndDevelopment": "171762000",
            "effectOfAccountingCharges": "0",
            "incomeBeforeTax": "42238000",
            "minorityInterest": "0",
            "sellingGeneralAdministrative": "318994000",
            "otherNonOperatingIncome": "3930000",
            "operatingIncome": "73641000",
            "otherOperatingExpense": "0",
            "interestExpense": "35333000",
            "taxProvision": "None",
            "interestIncome": "None",
            "netInterestIncome": "None",
            "extraordinaryItems": "0",
            "nonRecurring": "0",
            "otherItems": "0",
            "incomeTaxExpense": "12806000",
            "totalOtherIncomeExpense": "3058000",
            "discontinuedOperations": "0",
            "netIncomeFromContinuingOperations": "29432000",
            "netIncomeApplicableToCommonShares": "29432000",
            "preferredStockAndOtherAdjustments": "None"
        },
        {
            "fiscalDateEnding": "2015-06-30",
            "reportedCurrency": "USD",
            "totalRevenue": "1644694000",
            "totalOperatingExpense": "448107000",
            "costOfRevenue": "1121752000",
            "grossProfit": "522942000",
            "ebit": "75707000",
            "netIncome": "26335000",
            "researchAndDevelopment": "155061000",
            "effectOfAccountingCharges": "0",
            "incomeBeforeTax": "40490000",
            "minorityInterest": "0",
            "sellingGeneralAdministrative": "293046000",
            "otherNonOperatingIncome": "872000",
            "operatingIncome": "74835000",
            "otherOperatingExpense": "0",
            "interestExpense": "35217000",
            "taxProvision": "None",
            "interestIncome": "None",
            "netInterestIncome": "None",
            "extraordinaryItems": "0",
            "nonRecurring": "0",
            "otherItems": "0",
            "incomeTaxExpense": "14155000",
            "totalOtherIncomeExpense": "33165000",
            "discontinuedOperations": "0",
            "netIncomeFromContinuingOperations": "26335000",
            "netIncomeApplicableToCommonShares": "26335000",
            "preferredStockAndOtherAdjustments": "None"
        }
    ]
}