{
    "symbol": "ORCL",
    "annualReports": [
        {
            "fiscalDateEnding": "2020-05-31",
            "reportedCurrency": "USD",
            "totalRevenue": "39068000000",
            "totalOperatingExpense": "24866000000",
            "costOfRevenue": "7938000000",
            "grossProfit": "31130000000",
            "ebit": "17026000000",
            "netIncome": "10135000000",
            "researchAndDevelopment": "6067000000",
            "effectOfAccountingCharges": "None",
            "incomeBeforeTax": "12063000000",
            "minorityInterest": "643000000",
            "sellingGeneralAdministrative": "9275000000",
            "otherNonOperatingIncome": "None",
            "operatingIncome": "14202000000",
            "otherOperatingExpense": "51000000",
            "interestExpense": "1995000000",
            "taxProvision": "1928000000",
            "interestIncome": "527000000",
            "netInterestIncome": "-1468000000",
            "extraordinaryItems": "None",
            "nonRecurring": "None",
            "otherItems": "None",
            "incomeTaxExpense": "1928000000",
            "totalOtherIncomeExpense": "-671000000",
            "discontinuedOperations": "None",
            "netIncomeFromContinuingOperations": "10135000000",
            "netIncomeApplicableToCommonShares": "10135000000",
            "preferredStockAndOtherAdjustments": "None"
        },
        {
            "fiscalDateEnding": "2019-05-31",
            "reportedCurrency": "USD",
            "totalRevenue": "39506000000",
            "totalOperatingExpense": "25971000000",
            "costOfRevenue": "7995000000",
            "grossProfit": "39506000000",
            "ebit": "13535000000",
            "netIncome": "11083000000",
            "researchAndDevelopment": "6026000000",
            "effectOfAccountingCharges": "None",
            "incomeBeforeTax": "11453000000",
            "minorityInterest": "578000000",
            "sellingGeneralAdministrative": "9774000000",
            "otherNonOperatingIncome": "None",
            "operatingIncome": "13535000000",
            "otherOperatingExpense": "9684000000",
            "interestExpense": "2082000000",
            "taxProvision": "1185000000",
            "interestIncome": "1092000000",
            "netInterestIncome": "-990000000",
            "extraordinaryItems": "389000000",
            "nonRecurring": "487000000",
            "otherItems": "None",
            "incomeTaxExpense": "1185000000",
            "totalOtherIncomeExpense": "-764000000",
            "discontinuedOperations": "None",
            "netIncomeFromContinuingOperations": "10268000000",
            "netIncomeApplicableToCommonShares": "11083000000",
            "preferredStockAndOtherAdjustments": "None"
        },
        {
            "fiscalDateEnding": "2018-05-31",
            "reportedCurrency": "USD",
            "totalRevenue": "39831000000",
            "totalOperatingExpense": "23264000000",
            "costOfRevenue": "2888000000",
            "grossProfit": "36943000000",
            "ebit": "13679000000",
            "netIncome": "3825000000",
            "researchAndDevelopment": "6091000000",
            "effectOfAccountingCharges": "None",
            "incomeBeforeTax": "11654000000",
            "minorityInterest": "501000000",
            "sellingGeneralAdministrative": "9720000000",
            "otherNonOperatingIncome": "None",
            "operatingIncome": "13679000000",
            "otherOperatingExpense": "6813000000",
            "interestExpense": "2025000000",
            "taxProvision": "9066000000",
            "interestIncome": "1201000000",
            "netInterestIncome": "-824000000",
            "extraordinaryItems": "-6870000000",
            "nonRecurring": "640000000",
            "otherItems": "None",
            "incomeTaxExpense": "9066000000",
            "totalOtherIncomeExpense": "-604000000",
            "discontinuedOperations": "None",
            "netIncomeFromContinuingOperations": "2588000000",
            "netIncomeApplicableToCommonShares": "3825000000",
            "preferredStockAndOtherAdjustments": "None"
        },
        {
            "fiscalDateEnding": "2017-05-31",
            "reportedCurrency": "USD",
            "totalRevenue": "37728000000",
            "totalOperatingExpense": "21165000000",
            "costOfRevenue": "3853000000",
            "grossProfit": "33875000000",
            "ebit": "13315000000",
            "netIncome": "9335000000",
            "researchAndDevelopment": "6159000000",
            "effectOfAccountingCharges": "None",
            "incomeBeforeTax": "11517000000",
            "minorityInterest": "386000000",
            "sellingGeneralAdministrative": "9373000000",
            "otherNonOperatingIncome": "605000000",
            "operatingIncome": "12710000000",
            "otherOperatingExpense": "5067000000",
            "interestExpense": "1798000000",
            "taxProvision": "2182000000",
            "interestIncome": "802000000",
            "netInterestIncome": "-996000000",
            "extraordinaryItems": "None",
            "nonRecurring": "566000000",
            "otherItems": "None",
            "incomeTaxExpense": "2182000000",
            "totalOtherIncomeExpense": "-763000000",
            "discontinuedOperations": "None",
            "netIncomeFromContinuingOperations": "9335000000",
            "netIncomeApplicableToCommonShares": "9335000000",
            "preferredStockAndOtherAdjustments": "None"
        },
        {
            "fiscalDateEnding": "2016-05-31",
            "reportedCurrency": "USD",
            "totalRevenue": "37047000000",
            "totalOperatingExpense": "20546000000",
            "costOfRevenue": "3897000000",
            "grossProfit": "33150000000",
            "ebit": "12909000000",
            "netIncome": "8901000000",
            "researchAndDevelopment": "5787000000",
            "effectOfAccountingCharges": "None",
            "incomeBeforeTax": "11442000000",
            "minorityInterest": "501000000",
            "sellingGeneralAdministrative": "9039000000",
            "otherNonOperatingIncome": "305000000",
            "operatingIncome": "12604000000",
            "otherOperatingExpense": "5220000000",
            "interestExpense": "1467000000",
            "taxProvision": "2541000000",
            "interestIncome": "-1155000000",
            "netInterestIncome": "-929000000",
            "extraordinaryItems": "None",
            "nonRecurring": "500000000",
            "otherItems": "None",
            "incomeTaxExpense": "2541000000",
            "totalOtherIncomeExpense": "-733000000",
            "discontinuedOperations": "None",
            "netIncomeFromContinuingOperations": "8901000000",
            "netIncomeApplicableToCommonShares": "8901000000",
            "preferredStockAndOtherAdjustments": "None"
        }
    ],
    "quarterlyReports": [
        {
            "fiscalDateEnding": "2020-08-31",
            "reportedCurrency": "USD",
            "totalRevenue": "9367000000",
            "totalOperatingExpense": "5963000000",
            "costOfRevenue": "1880000000",
            "grossProfit": "7487000000",
            "ebit": "3910000000",
            "netIncome": "2251000000",
            "researchAndDevelopment": "1589000000",
            "effectOfAccountingCharges": "None",
            "incomeBeforeTax": "2595000000",
            "minorityInterest": "649000000",
            "sellingGeneralAdministrative": "2149000000",
            "otherNonOperatingIncome": "None",
            "operatingIncome": "3404000000",
            "otherOperatingExpense": "19000000",
            "interestExpense": "614000000",
            "taxProvision": "344000000",
            "interestIncome": "31000000",
            "netInterestIncome": "-583000000",
            "extraordinaryItems": "None",
            "nonRecurring": "None",
            "otherItems": "None",
            "incomeTaxExpense": "344000000",
            "totalOtherIncomeExpense": "-226000000",
            "discontinuedOperations": "None",
            "netIncomeFromContinuingOperations": "2251000000",
            "netIncomeApplicableToCommonShares": "2251000000",
            "preferredStockAndOtherAdjustments": "None"
        },
        {
            "fiscalDateEnding": "2020-05-31",
            "reportedCurrency": "USD",
            "totalRevenue": "10439000000",
            "totalOperatingExpense": "6050000000",
            "costOfRevenue": "1969000000",
            "grossProfit": "8470000000",
            "ebit": "4997000000",
            "netIncome": "3116000000",
            "researchAndDevelopment": "1479000000",
            "effectOfAccountingCharges": "None",
            "incomeBeforeTax": "3696000000",
            "minorityInterest": "643000000",
            "sellingGeneralAdministrative": "2237000000",
            "otherNonOperatingIncome": "None",
            "operatingIncome": "4389000000",
            "otherOperatingExpense": "20000000",
            "interestExpense": "579000000",
            "taxProvision": "580000000",
            "interestIncome": "70000000",
            "netInterestIncome": "-509000000",
            "extraordinaryItems": "None",
            "nonRecurring": "None",
            "otherItems": "None",
            "incomeTaxExpense": "580000000",
            "totalOtherIncomeExpense": "-184000000",
            "discontinuedOperations": "None",
            "netIncomeFromContinuingOperations": "3116000000",
            "netIncomeApplicableToCommonShares": "3116000000",
            "preferredStockAndOtherAdjustments": "None"
        },
        {
            "fiscalDateEnding": "2020-02-29",
            "reportedCurrency": "USD",
            "totalRevenue": "9796000000",
            "totalOperatingExpense": "6268000000",
            "costOfRevenue": "1964000000",
            "grossProfit": "9796000000",
            "ebit": "3528000000",
            "netIncome": "2571000000",
            "researchAndDevelopment": "1500000000",
            "effectOfAccountingCharges": "None",
            "incomeBeforeTax": "3072000000",
            "minorityInterest": "646000000",
            "sellingGeneralAdministrative": "2337000000",
            "otherNonOperatingIncome": "None",
            "operatingIncome": "3528000000",
            "otherOperatingExpense": "2364000000",
            "interestExpense": "456000000",
            "taxProvision": "505000000",
            "interestIncome": "122000000",
            "netInterestIncome": "-334000000",
            "extraordinaryItems": "None",
            "nonRecurring": "67000000",
            "otherItems": "None",
            "incomeTaxExpense": "505000000",
            "totalOtherIncomeExpense": "-185000000",
            "discontinuedOperations": "None",
            "netIncomeFromContinuingOperations": "2567000000",
            "netIncomeApplicableToCommonShares": "2571000000",
            "preferredStockAndOtherAdjustments": "None"
        },
        {
            "fiscalDateEnding": "2019-11-30",
            "reportedCurrency": "USD",
            "totalRevenue": "9614000000",
            "totalOperatingExpense": "6431000000",
            "costOfRevenue": "2048000000",
            "grossProfit": "9614000000",
            "ebit": "3183000000",
            "netIncome": "2311000000",
            "researchAndDevelopment": "1531000000",
            "effectOfAccountingCharges": "None",
            "incomeBeforeTax": "2718000000",
            "minorityInterest": "622000000",
            "sellingGeneralAdministrative": "2391000000",
            "otherNonOperatingIncome": "None",
            "operatingIncome": "3183000000",
            "otherOperatingExpense": "2455000000",
            "interestExpense": "465000000",
            "taxProvision": "499000000",
            "interestIncome": "145000000",
            "netInterestIncome": "-320000000",
            "extraordinaryItems": "None",
            "nonRecurring": "54000000",
            "otherItems": "None",
            "incomeTaxExpense": "499000000",
            "totalOtherIncomeExpense": "-107000000",
            "discontinuedOperations": "None",
            "netIncomeFromContinuingOperations": "2219000000",
            "netIncomeApplicableToCommonShares": "2311000000",
            "preferredStockAndOtherAdjustments": "None"
        },
        {
            "fiscalDateEnding": "2019-08-31",
            "reportedCurrency": "USD",
            "totalRevenue": "9218000000",
            "totalOperatingExpense": "6341000000",
            "costOfRevenue": "1957000000",
            "grossProfit": "9218000000",
            "ebit": "2877000000",
            "netIncome": "2137000000",
            "researchAndDevelopment": "1557000000",
            "effectOfAccountingCharges": "None",
            "incomeBeforeTax": "2383000000",
            "minorityInterest": "586000000",
            "sellingGeneralAdministrative": "2310000000",
            "otherNonOperatingIncome": "None",
            "operatingIncome": "2877000000",
            "otherOperatingExpense": "2371000000",
            "interestExpense": "494000000",
            "taxProvision": "345000000",
            "interestIncome": "190000000",
            "netInterestIncome": "-304000000",
            "extraordinaryItems": "None",
            "nonRecurring": "103000000",
            "otherItems": "None",
            "incomeTaxExpense": "345000000",
            "totalOtherIncomeExpense": "-194000000",
            "discontinuedOperations": "None",
            "netIncomeFromContinuingOperations": "2038000000",
            "netIncomeApplicableToCommonShares": "2137000000",
            "preferredStockAndOtherAdjustments": "None"
        },
        {
            "fiscalDateEnding": "2019-05-31",
            "reportedCurrency": "USD",
            "totalRevenue": "11137000000",
            "totalOperatingExpense": "6880000000",
            "costOfRevenue": "2063000000",
            "grossProfit": "11137000000",
            "ebit": "4257000000",
            "netIncome": "3740000000",
            "researchAndDevelopment": "1561000000",
            "effectOfAccountingCharges": "None",
            "incomeBeforeTax": "3732000000",
            "minorityInterest": "578000000",
            "sellingGeneralAdministrative": "2647000000",
            "otherNonOperatingIncome": "None",
            "operatingIncome": "4257000000",
            "otherOperatingExpense": "2489000000",
            "interestExpense": "525000000",
            "taxProvision": "126000000",
            "interestIncome": "202000000",
            "netInterestIncome": "-323000000",
            "extraordinaryItems": "None",
            "nonRecurring": "183000000",
            "otherItems": "None",
            "incomeTaxExpense": "126000000",
            "totalOtherIncomeExpense": "-251000000",
            "discontinuedOperations": "None",
            "netIncomeFromContinuingOperations": "3606000000",
            "netIncomeApplicableToCommonShares": "3740000000",
            "preferredStockAndOtherAdjustments": "None"
        },
        {
            "fiscalDateEnding": "2019-02-28",
            "reportedCurrency": "USD",
            "totalRevenue": "9614000000",
            "totalOperatingExpense": "6215000000",
            "costOfRevenue": "1976000000",
            "grossProfit": "9614000000",
            "ebit": "3399000000",
            "netIncome": "2745000000",
            "researchAndDevelopment": "1426000000",
            "effectOfAccountingCharges": "None",
            "incomeBeforeTax": "2890000000",
            "minorityInterest": "524000000",
            "sellingGeneralAdministrative": "2367000000",
            "otherNonOperatingIncome": "None",
            "operatingIncome": "3399000000",
            "otherOperatingExpense": "2383000000",
            "interestExpense": "509000000",
            "taxProvision": "343000000",
            "interestIncome": "246000000",
            "netInterestIncome": "-263000000",
            "extraordinaryItems": "236000000",
            "nonRecurring": "39000000",
            "otherItems": "None",
            "incomeTaxExpense": "343000000",
            "totalOtherIncomeExpense": "-87000000",
            "discontinuedOperations": "None",
            "netIncomeFromContinuingOperations": "2547000000",
            "netIncomeApplicableToCommonShares": "2745000000",
            "preferredStockAndOtherAdjustments": "None"
        },
        {
            "fiscalDateEnding": "2018-11-30",
            "reportedCurrency": "USD",
            "totalRevenue": "9562000000",
            "totalOperatingExpense": "6461000000",
            "costOfRevenue": "2001000000",
            "grossProfit": "9562000000",
            "ebit": "3101000000",
            "netIncome": "2333000000",
            "researchAndDevelopment": "1475000000",
            "effectOfAccountingCharges": "None",
            "incomeBeforeTax": "2582000000",
            "minorityInterest": "483000000",
            "sellingGeneralAdministrative": "2400000000",
            "otherNonOperatingIncome": "None",
            "operatingIncome": "3101000000",
            "otherOperatingExpense": "2425000000",
            "interestExpense": "519000000",
            "taxProvision": "None",
            "interestIncome": "None",
            "netInterestIncome": "None",
            "extraordinaryItems": "None",
            "nonRecurring": "161000000",
            "otherItems": "None",
            "incomeTaxExpense": "441000000",
            "totalOtherIncomeExpense": "-488000000",
            "discontinuedOperations": "None",
            "netIncomeFromContinuingOperations": "2141000000",
            "netIncomeApplicableToCommonShares": "2333000000",
            "preferredStockAndOtherAdjustments": "None"
        },
        {
            "fiscalDateEnding": "2018-08-31",
            "reportedCurrency": "USD",
            "totalRevenue": "9193000000",
            "totalOperatingExpense": "6415000000",
            "costOfRevenue": "1953000000",
            "grossProfit": "9193000000",
            "ebit": "2778000000",
            "netIncome": "2265000000",
            "researchAndDevelopment": "1564000000",
            "effectOfAccountingCharges": "None",
            "incomeBeforeTax": "2249000000",
            "minorityInterest": "497000000",
            "sellingGeneralAdministrative": "2360000000",
            "otherNonOperatingIncome": "None",
            "operatingIncome": "2778000000",
            "otherOperatingExpense": "2387000000",
            "interestExpense": "529000000",
            "taxProvision": "None",
            "interestIncome": "None",
            "netInterestIncome": "None",
            "extraordinaryItems": "None",
            "nonRecurring": "104000000",
            "otherItems": "None",
            "incomeTaxExpense": "275000000",
            "totalOtherIncomeExpense": "-342000000",
            "discontinuedOperations": "None",
            "netIncomeFromContinuingOperations": "1974000000",
            "netIncomeApplicableToCommonShares": "2265000000",
            "preferredStockAndOtherAdjustments": "None"
        },
        {
            "fiscalDateEnding": "2018-05-31",
            "reportedCurrency": "USD",
            "totalRevenue": "11252000000",
            "totalOperatingExpense": "6856000000",
            "costOfRevenue": "17000000",
            "grossProfit": "11235000000",
            "ebit": "3450000000",
            "netIncome": "3406000000",
            "researchAndDevelopment": "1544000000",
            "effectOfAccountingCharges": "0",
            "incomeBeforeTax": "2902000000",
            "minorityInterest": "498000000",
            "sellingGeneralAdministrative": "2632000000",
            "otherNonOperatingIncome": "None",
            "operatingIncome": "4379000000",
            "otherOperatingExpense": "2579000000",
            "interestExpense": "548000000",
            "taxProvision": "None",
            "interestIncome": "None",
            "netInterestIncome": "None",
            "extraordinaryItems": "0",
            "nonRecurring": "101000000",
            "otherItems": "0",
            "incomeTaxExpense": "733000000",
            "totalOtherIncomeExpense": "-342000000",
            "discontinuedOperations": "0",
            "netIncomeFromContinuingOperations": "2169000000",
            "netIncomeApplicableToCommonShares": "3406000000",
            "preferredStockAndOtherAdjustments": "None"
        },
        {
            "fiscalDateEnding": "2018-02-28",
            "reportedCurrency": "USD",
            "totalRevenue": "9771000000",
            "totalOperatingExpense": "5426000000",
            "costOfRevenue": "935000000",
            "grossProfit": "8836000000",
            "ebit": "3833000000",
            "netIncome": "-4024000000",
            "researchAndDevelopment": "1498000000",
            "effectOfAccountingCharges": "0",
            "incomeBeforeTax": "3300000000",
            "minorityInterest": "36000000",
            "sellingGeneralAdministrative": "2373000000",
            "otherNonOperatingIncome": "423000000",
            "operatingIncome": "3410000000",
            "otherOperatingExpense": "1461000000",
            "interestExpense": "533000000",
            "taxProvision": "None",
            "interestIncome": "None",
            "netInterestIncome": "None",
            "extraordinaryItems": "0",
            "nonRecurring": "94000000",
            "otherItems": "0",
            "incomeTaxExpense": "7324000000",
            "totalOtherIncomeExpense": "-476000000",
            "discontinuedOperations": "0",
            "netIncomeFromContinuingOperations": "-4024000000",
            "netIncomeApplicableToCommonShares": "-4024000000",
            "preferredStockAndOtherAdjustments": "None"
        },
        {
            "fiscalDateEnding": "2017-11-30",
            "reportedCurrency": "USD",
            "totalRevenue": "9621000000",
            "totalOperatingExpense": "5575000000",
            "costOfRevenue": "977000000",
            "grossProfit": "8644000000",
            "ebit": "3342000000",
            "netIncome": "2233000000",
            "researchAndDevelopment": "1475000000",
            "effectOfAccountingCharges": "0",
            "incomeBeforeTax": "2867000000",
            "minorityInterest": "29000000",
            "sellingGeneralAdministrative": "2403000000",
            "otherNonOperatingIncome": "273000000",
            "operatingIncome": "3069000000",
            "otherOperatingExpense": "1388000000",
            "interestExpense": "475000000",
            "taxProvision": "None",
            "interestIncome": "None",
            "netInterestIncome": "None",
            "extraordinaryItems": "0",
            "nonRecurring": "309000000",
            "otherItems": "0",
            "incomeTaxExpense": "634000000",
            "totalOtherIncomeExpense": "39000000",
            "discontinuedOperations": "0",
            "netIncomeFromContinuingOperations": "2233000000",
            "netIncomeApplicableToCommonShares": "2233000000",
            "preferredStockAndOtherAdjustments": "None"
        },
        {
            "fiscalDateEnding": "2017-08-31",
            "reportedCurrency": "USD",
            "totalRevenue": "9187000000",
            "totalOperatingExpense": "5407000000",
            "costOfRevenue": "959000000",
            "grossProfit": "8228000000",
            "ebit": "3054000000",
            "netIncome": "2210000000",
            "researchAndDevelopment": "1574000000",
            "effectOfAccountingCharges": "0",
            "incomeBeforeTax": "2585000000",
            "minorityInterest": "46000000",
            "sellingGeneralAdministrative": "2312000000",
            "otherNonOperatingIncome": "233000000",
            "operatingIncome": "2821000000",
            "otherOperatingExpense": "1385000000",
            "interestExpense": "469000000",
            "taxProvision": "None",
            "interestIncome": "None",
            "netInterestIncome": "None",
            "extraordinaryItems": "0",
            "nonRecurring": "136000000",
            "otherItems": "0",
            "incomeTaxExpense": "375000000",
            "totalOtherIncomeExpense": "233000000",
            "discontinuedOperations": "0",
            "netIncomeFromContinuingOperations": "2210000000",
            "netIncomeApplicableToCommonShares": "2210000000",
            "preferredStockAndOtherAdjustments": "None"
        },
        {
            "fiscalDateEnding": "2017-05-31",
            "reportedCurrency": "USD",
            "totalRevenue": "10893000000",
            "totalOperatingExpense": "5826000000",
            "costOfRevenue": "994000000",
            "grossProfit": "9899000000",
            "ebit": "4242000000",
            "netIncome": "3232000000",
            "researchAndDevelopment": "1608000000",
            "effectOfAccountingCharges": "0",
            "incomeBeforeTax": "3761000000",
            "minorityInterest": "23000000",
            "sellingGeneralAdministrative": "2631000000",
            "otherNonOperatingIncome": "169000000",
            "operatingIncome": "4073000000",
            "otherOperatingExpense": "1451000000",
            "interestExpense": "481000000",
            "taxProvision": "None",
            "interestIncome": "None",
            "netInterestIncome": "None",
            "extraordinaryItems": "0",
            "nonRecurring": "136000000",
            "otherItems": "0",
            "incomeTaxExpense": "529000000",
            "totalOtherIncomeExpense": "-1949000000",
            "discontinuedOperations": "0",
            "netIncomeFromContinuingOperations": "3232000000",
            "netIncomeApplicableToCommonShares": "3232000000",
            "preferredStockAndOtherAdjustments": "None"
        },
        {
            "fiscalDateEnding": "2017-02-28",
            "reportedCurrency": "USD",
            "totalRevenue": "9205000000",
            "totalOperatingExpense": "5296000000",
            "costOfRevenue": "950000000",
            "grossProfit": "8255000000",
            "ebit": "3148000000",
            "netIncome": "2239000000",
            "researchAndDevelopment": "1521000000",
            "effectOfAccountingCharges": "0",
            "incomeBeforeTax": "2698000000",
            "minorityInterest": "19000000",
            "sellingGeneralAdministrative": "2245000000",
            "otherNonOperatingIncome": "189000000",
            "operatingIncome": "2959000000",
            "otherOperatingExpense": "1339000000",
            "interestExpense": "450000000",
            "taxProvision": "None",
            "interestIncome": "None",
            "netInterestIncome": "None",
            "extraordinaryItems": "0",
            "nonRecurring": "191000000",
            "otherItems": "0",
            "incomeTaxExpense": "459000000",
            "totalOtherIncomeExpense": "91000000",
            "discontinuedOperations": "0",
            "netIncomeFromContinuingOperations": "2239000000",
            "netIncomeApplicableToCommonShares": "2239000000",
            "preferredStockAndOtherAdjustments": "None"
        },
        {
            "fiscalDateEnding": "2016-11-30",
            "reportedCurrency": "USD",
            "totalRevenue": "9035000000",
            "totalOperatingExpense": "5059000000",
            "costOfRevenue": "939000000",
            "grossProfit": "8096000000",
            "ebit": "3136000000",
            "netIncome": "2032000000",
            "researchAndDevelopment": "1510000000",
            "effectOfAccountingCharges": "0",
            "incomeBeforeTax": "2685000000",
            "minorityInterest": "41000000",
            "sellingGeneralAdministrative": "2263000000",
            "otherNonOperatingIncome": "99000000",
            "operatingIncome": "3037000000",
            "otherOperatingExpense": "1160000000",
            "interestExpense": "451000000",
            "taxProvision": "None",
            "interestIncome": "None",
            "netInterestIncome": "None",
            "extraordinaryItems": "0",
            "nonRecurring": "126000000",
            "otherItems": "0",
            "incomeTaxExpense": "653000000",
            "totalOtherIncomeExpense": "-49000000",
            "discontinuedOperations": "0",
            "netIncomeFromContinuingOperations": "2032000000",
            "netIncomeApplicableToCommonShares": "2032000000",
            "preferredStockAndOtherAdjustments": "None"
        },
        {
            "fiscalDateEnding": "2016-08-31",
            "reportedCurrency": "USD",
            "totalRevenue": "8595000000",
            "totalOperatingExpense": "4984000000",
            "costOfRevenue": "970000000",
            "grossProfit": "7625000000",
            "ebit": "2789000000",
            "netIncome": "1832000000",
            "researchAndDevelopment": "1520000000",
            "effectOfAccountingCharges": "0",
            "incomeBeforeTax": "2408000000",
            "minorityInterest": "35000000",
            "sellingGeneralAdministrative": "2234000000",
            "otherNonOperatingIncome": "148000000",
            "operatingIncome": "2741000000",
            "otherOperatingExpense": "1117000000",
            "interestExpense": "416000000",
            "taxProvision": "None",
            "interestIncome": "None",
            "netInterestIncome": "None",
            "extraordinaryItems": "0",
            "nonRecurring": "113000000",
            "otherItems": "0",
            "incomeTaxExpense": "541000000",
            "totalOtherIncomeExpense": "148000000",
            "discontinuedOperations": "0",
            "netIncomeFromContinuingOperations": "1832000000",
            "netIncomeApplicableToCommonShares": "1832000000",
            "preferredStockAndOtherAdjustments": "None"
        },
        {
            "fiscalDateEnding": "2016-05-31",
            "reportedCurrency": "USD",
            "totalRevenue": "10594000000",
            "totalOperatingExpense": "5664000000",
            "costOfRevenue": "962000000",
            "grossProfit": "9632000000",
            "ebit": "4094000000",
            "netIncome": "2815000000",
            "researchAndDevelopment": "1534000000",
            "effectOfAccountingCharges": "0",
            "incomeBeforeTax": "3732000000",
            "minorityInterest": "21000000",
            "sellingGeneralAdministrative": "2628000000",
            "otherNonOperatingIncome": "126000000",
            "operatingIncome": "3968000000",
            "otherOperatingExpense": "1330000000",
            "interestExpense": "362000000",
            "taxProvision": "None",
            "interestIncome": "None",
            "netInterestIncome": "None",
            "extraordinaryItems": "0",
            "nonRecurring": "172000000",
            "otherItems": "0",
            "incomeTaxExpense": "917000000",
            "totalOtherIncomeExpense": "-1662000000",
            "discontinuedOperations": "0",
            "netIncomeFromContinuingOperations": "2815000000",
            "netIncomeApplicableToCommonShares": "2815000000",
            "preferredStockAndOtherAdjustments": "None"
        },
        {
            "fiscalDateEnding": "2016-02-29",
            "reportedCurrency": "USD",
            "totalRevenue": "9012000000",
            "totalOperatingExpense": "5035000000",
            "costOfRevenue": "950000000",
            "grossProfit": "8062000000",
            "ebit": "3092000000",
            "netIncome": "2142000000",
            "researchAndDevelopment": "1419000000",
            "effectOfAccountingCharges": "0",
            "incomeBeforeTax": "2732000000",
            "minorityInterest": "36000000",
            "sellingGeneralAdministrative": "2193000000",
            "otherNonOperatingIncome": "65000000",
            "operatingIncome": "3027000000",
            "otherOperatingExpense": "1297000000",
            "interestExpense": "360000000",
            "taxProvision": "None",
            "interestIncome": "None",
            "netInterestIncome": "None",
            "extraordinaryItems": "0",
            "nonRecurring": "126000000",
            "otherItems": "0",
            "incomeTaxExpense": "590000000",
            "totalOtherIncomeExpense": "0",
            "discontinuedOperations": "0",
            "netIncomeFromContinuingOperations": "2142000000",
            "netIncomeApplicableToCommonShares": "2142000000",
            "preferredStockAndOtherAdjustments": "None"
        },
        {
            "fiscalDateEnding": "2015-11-30",
            "reportedCurrency": "USD",
            "totalRevenue": "8993000000",
            "totalOperatingExpense": "5055000000",
            "costOfRevenue": "983000000",
            "grossProfit": "8010000000",
            "ebit": "3039000000",
            "netIncome": "2197000000",
            "researchAndDevelopment": "1444000000",
            "effectOfAccountingCharges": "0",
            "incomeBeforeTax": "2668000000",
            "minorityInterest": "29000000",
            "sellingGeneralAdministrative": "2230000000",
            "otherNonOperatingIncome": "84000000",
            "operatingIncome": "2955000000",
            "otherOperatingExpense": "1293000000",
            "interestExpense": "371000000",
            "taxProvision": "None",
            "interestIncome": "None",
            "netInterestIncome": "None",
            "extraordinaryItems": "0",
            "nonRecurring": "88000000",
            "otherItems": "0",
            "incomeTaxExpense": "471000000",
            "totalOtherIncomeExpense": "0",
            "discontinuedOperations": "0",
            "netIncomeFromContinuingOperations": "2197000000",
            "netIncomeApplicableToCommonShares": "2197000000",
            "preferredStockAndOtherAdjustments": "None"
        },
        {
            "fiscalDateEnding": "2015-08-31",
            "reportedCurrency": "USD",
            "totalRevenue": "8448000000",
            "totalOperatingExpense": "4792000000",
            "costOfRevenue": "1002000000",
            "grossProfit": "7446000000",
            "ebit": "2684000000",
            "netIncome": "1747000000",
            "researchAndDevelopment": "1390000000",
            "effectOfAccountingCharges": "0",
            "incomeBeforeTax": "2340000000",
            "minorityInterest": "30000000",
            "sellingGeneralAdministrative": "1988000000",
            "otherNonOperatingIncome": "30000000",
            "operatingIncome": "2737000000",
            "otherOperatingExpense": "1300000000",
            "interestExpense": "374000000",
            "taxProvision": "None",
            "interestIncome": "None",
            "netInterestIncome": "None",
            "extraordinaryItems": "0",
            "nonRecurring": "114000000",
            "otherItems": "0",
            "incomeTaxExpense": "563000000",
            "totalOtherIncomeExpense": "0",
            "discontinuedOperations": "0",
            "netIncomeFromContinuingOperations": "1747000000",
            "netIncomeApplicableToCommonShares": "1747000000",
            "preferredStockAndOtherAdjustments": "None"
        }
    ]
}