{
    "symbol": "PYPL",
    "annualReports": [
        {
            "fiscalDateEnding": "2019-12-31",
            "reportedCurrency": "USD",
            "totalRevenue": "17772000000",
            "totalOperatingExpense": "15053000000",
            "costOfRevenue": "9785000000",
            "grossProfit": "17772000000",
            "ebit": "2998000000",
            "netIncome": "2459000000",
            "researchAndDevelopment": "2085000000",
            "effectOfAccountingCharges": "None",
            "incomeBeforeTax": "2998000000",
            "minorityInterest": "44000000",
            "sellingGeneralAdministrative": "3183000000",
            "otherNonOperatingIncome": "279000000",
            "operatingIncome": "2719000000",
            "otherOperatingExpense": "9785000000",
            "interestExpense": "115000000",
            "taxProvision": "539000000",
            "interestIncome": "197000000",
            "netInterestIncome": "82000000",
            "extraordinaryItems": "None",
            "nonRecurring": "None",
            "otherItems": "None",
            "incomeTaxExpense": "539000000",
            "totalOtherIncomeExpense": "126000000",
            "discontinuedOperations": "None",
            "netIncomeFromContinuingOperations": "2459000000",
            "netIncomeApplicableToCommonShares": "2459000000",
            "preferredStockAndOtherAdjustments": "None"
        },
        {
            "fiscalDateEnding": "2018-12-31",
            "reportedCurrency": "USD",
            "totalRevenue": "15451000000",
            "totalOperatingExpense": "13257000000",
            "costOfRevenue": "8337000000",
            "grossProfit": "15451000000",
            "ebit": "2376000000",
            "netIncome": "2057000000",
            "researchAndDevelopment": "1071000000",
            "effectOfAccountingCharges": "None",
            "incomeBeforeTax": "2376000000",
            "minorityInterest": "44000000",
            "sellingGeneralAdministrative": "3073000000",
            "otherNonOperatingIncome": "182000000",
            "operatingIncome": "2194000000",
            "otherOperatingExpense": "9113000000",
            "interestExpense": "77000000",
            "taxProvision": "319000000",
            "interestIncome": "168000000",
            "netInterestIncome": "91000000",
            "extraordinaryItems": "-20000000",
            "nonRecurring": "None",
            "otherItems": "None",
            "incomeTaxExpense": "319000000",
            "totalOtherIncomeExpense": "-218000000",
            "discontinuedOperations": "None",
            "netIncomeFromContinuingOperations": "2057000000",
            "netIncomeApplicableToCommonShares": "2057000000",
            "preferredStockAndOtherAdjustments": "None"
        },
        {
            "fiscalDateEnding": "2017-12-31",
            "reportedCurrency": "USD",
            "totalRevenue": "13094000000",
            "totalOperatingExpense": "10967000000",
            "costOfRevenue": "6794000000",
            "grossProfit": "13094000000",
            "ebit": "2200000000",
            "netIncome": "1795000000",
            "researchAndDevelopment": "953000000",
            "effectOfAccountingCharges": "None",
            "incomeBeforeTax": "2200000000",
            "minorityInterest": "44000000",
            "sellingGeneralAdministrative": "2415000000",
            "otherNonOperatingIncome": "73000000",
            "operatingIncome": "2127000000",
            "otherOperatingExpense": "7599000000",
            "interestExpense": "-7000000",
            "taxProvision": "405000000",
            "interestIncome": "24000000",
            "netInterestIncome": "None",
            "extraordinaryItems": "-180000000",
            "nonRecurring": "132000000",
            "otherItems": "None",
            "incomeTaxExpense": "405000000",
            "totalOtherIncomeExpense": "-59000000",
            "discontinuedOperations": "None",
            "netIncomeFromContinuingOperations": "1795000000",
            "netIncomeApplicableToCommonShares": "1795000000",
            "preferredStockAndOtherAdjustments": "None"
        },
        {
            "fiscalDateEnding": "2016-12-31",
            "reportedCurrency": "USD",
            "totalRevenue": "10842000000",
            "totalOperatingExpense": "9256000000",
            "costOfRevenue": "5701000000",
            "grossProfit": "10842000000",
            "ebit": "1631000000",
            "netIncome": "1401000000",
            "researchAndDevelopment": "834000000",
            "effectOfAccountingCharges": "None",
            "incomeBeforeTax": "1631000000",
            "minorityInterest": "44000000",
            "sellingGeneralAdministrative": "1997000000",
            "otherNonOperatingIncome": "45000000",
            "operatingIncome": "1586000000",
            "otherOperatingExpense": "6425000000",
            "interestExpense": "-3000000",
            "taxProvision": "230000000",
            "interestIncome": "132000000",
            "netInterestIncome": "None",
            "extraordinaryItems": "None",
            "nonRecurring": "132000000",
            "otherItems": "None",
            "incomeTaxExpense": "230000000",
            "totalOtherIncomeExpense": "45000000",
            "discontinuedOperations": "None",
            "netIncomeFromContinuingOperations": "1401000000",
            "netIncomeApplicableToCommonShares": "1401000000",
            "preferredStockAndOtherAdjustments": "None"
        },
        {
            "fiscalDateEnding": "2015-12-31",
            "reportedCurrency": "USD",
            "totalRevenue": "9248000000",
            "totalOperatingExpense": "7787000000",
            "costOfRevenue": "4529000000",
            "grossProfit": "9248000000",
            "ebit": "1488000000",
            "netIncome": "1228000000",
            "researchAndDevelopment": "947000000",
            "effectOfAccountingCharges": "None",
            "incomeBeforeTax": "1488000000",
            "minorityInterest": "None",
            "sellingGeneralAdministrative": "1545000000",
            "otherNonOperatingIncome": "27000000",
            "operatingIncome": "1461000000",
            "otherOperatingExpense": "5247000000",
            "interestExpense": "-3000000",
            "taxProvision": "260000000",
            "interestIncome": "17000000",
            "netInterestIncome": "None",
            "extraordinaryItems": "None",
            "nonRecurring": "48000000",
            "otherItems": "None",
            "incomeTaxExpense": "260000000",
            "totalOtherIncomeExpense": "-21000000",
            "discontinuedOperations": "None",
            "netIncomeFromContinuingOperations": "1228000000",
            "netIncomeApplicableToCommonShares": "1228000000",
            "preferredStockAndOtherAdjustments": "None"
        }
    ],
    "quarterlyReports": [
        {
            "fiscalDateEnding": "2020-06-30",
            "reportedCurrency": "USD",
            "totalRevenue": "5261000000",
            "totalOperatingExpense": "4310000000",
            "costOfRevenue": "2706000000",
            "grossProfit": "5261000000",
            "ebit": "1799000000",
            "netIncome": "1530000000",
            "researchAndDevelopment": "631000000",
            "effectOfAccountingCharges": "None",
            "incomeBeforeTax": "1799000000",
            "minorityInterest": "44000000",
            "sellingGeneralAdministrative": "973000000",
            "otherNonOperatingIncome": "848000000",
            "operatingIncome": "951000000",
            "otherOperatingExpense": "2706000000",
            "interestExpense": "55000000",
            "taxProvision": "269000000",
            "interestIncome": "22000000",
            "netInterestIncome": "-33000000",
            "extraordinaryItems": "None",
            "nonRecurring": "None",
            "otherItems": "None",
            "incomeTaxExpense": "269000000",
            "totalOtherIncomeExpense": "834000000",
            "discontinuedOperations": "None",
            "netIncomeFromContinuingOperations": "1530000000",
            "netIncomeApplicableToCommonShares": "1530000000",
            "preferredStockAndOtherAdjustments": "None"
        },
        {
            "fiscalDateEnding": "2020-03-31",
            "reportedCurrency": "USD",
            "totalRevenue": "4618000000",
            "totalOperatingExpense": "4220000000",
            "costOfRevenue": "2729000000",
            "grossProfit": "4618000000",
            "ebit": "263000000",
            "netIncome": "84000000",
            "researchAndDevelopment": "605000000",
            "effectOfAccountingCharges": "None",
            "incomeBeforeTax": "263000000",
            "minorityInterest": "44000000",
            "sellingGeneralAdministrative": "886000000",
            "otherNonOperatingIncome": "-135000000",
            "operatingIncome": "398000000",
            "otherOperatingExpense": "2729000000",
            "interestExpense": "37000000",
            "taxProvision": "179000000",
            "interestIncome": "33000000",
            "netInterestIncome": "-4000000",
            "extraordinaryItems": "None",
            "nonRecurring": "None",
            "otherItems": "None",
            "incomeTaxExpense": "179000000",
            "totalOtherIncomeExpense": "-160000000",
            "discontinuedOperations": "None",
            "netIncomeFromContinuingOperations": "84000000",
            "netIncomeApplicableToCommonShares": "84000000",
            "preferredStockAndOtherAdjustments": "None"
        },
        {
            "fiscalDateEnding": "2019-12-31",
            "reportedCurrency": "USD",
            "totalRevenue": "4961000000",
            "totalOperatingExpense": "4162000000",
            "costOfRevenue": "2732000000",
            "grossProfit": "4961000000",
            "ebit": "854000000",
            "netIncome": "507000000",
            "researchAndDevelopment": "3612000000",
            "effectOfAccountingCharges": "None",
            "incomeBeforeTax": "854000000",
            "minorityInterest": "44000000",
            "sellingGeneralAdministrative": "4184000000",
            "otherNonOperatingIncome": "55000000",
            "operatingIncome": "799000000",
            "otherOperatingExpense": "9785000000",
            "interestExpense": "37000000",
            "taxProvision": "347000000",
            "interestIncome": "53000000",
            "netInterestIncome": "16000000",
            "extraordinaryItems": "None",
            "nonRecurring": "None",
            "otherItems": "None",
            "incomeTaxExpense": "347000000",
            "totalOtherIncomeExpense": "39000000",
            "discontinuedOperations": "None",
            "netIncomeFromContinuingOperations": "507000000",
            "netIncomeApplicableToCommonShares": "507000000",
            "preferredStockAndOtherAdjustments": "None"
        },
        {
            "fiscalDateEnding": "2019-09-30",
            "reportedCurrency": "USD",
            "totalRevenue": "4378000000",
            "totalOperatingExpense": "3681000000",
            "costOfRevenue": "2431000000",
            "grossProfit": "4378000000",
            "ebit": "484000000",
            "netIncome": "462000000",
            "researchAndDevelopment": "-533000000",
            "effectOfAccountingCharges": "None",
            "incomeBeforeTax": "484000000",
            "minorityInterest": "44000000",
            "sellingGeneralAdministrative": "-316000000",
            "otherNonOperatingIncome": "-213000000",
            "operatingIncome": "697000000",
            "otherOperatingExpense": "21000000",
            "interestExpense": "29000000",
            "taxProvision": "22000000",
            "interestIncome": "47000000",
            "netInterestIncome": "18000000",
            "extraordinaryItems": "None",
            "nonRecurring": "None",
            "otherItems": "None",
            "incomeTaxExpense": "22000000",
            "totalOtherIncomeExpense": "-231000000",
            "discontinuedOperations": "None",
            "netIncomeFromContinuingOperations": "462000000",
            "netIncomeApplicableToCommonShares": "462000000",
            "preferredStockAndOtherAdjustments": "None"
        },
        {
            "fiscalDateEnding": "2019-06-30",
            "reportedCurrency": "USD",
            "totalRevenue": "4305000000",
            "totalOperatingExpense": "3600000000",
            "costOfRevenue": "2344000000",
            "grossProfit": "4305000000",
            "ebit": "943000000",
            "netIncome": "823000000",
            "researchAndDevelopment": "-483000000",
            "effectOfAccountingCharges": "None",
            "incomeBeforeTax": "943000000",
            "minorityInterest": "44000000",
            "sellingGeneralAdministrative": "-356000000",
            "otherNonOperatingIncome": "238000000",
            "operatingIncome": "705000000",
            "otherOperatingExpense": "None",
            "interestExpense": "27000000",
            "taxProvision": "120000000",
            "interestIncome": "48000000",
            "netInterestIncome": "21000000",
            "extraordinaryItems": "None",
            "nonRecurring": "None",
            "otherItems": "None",
            "incomeTaxExpense": "120000000",
            "totalOtherIncomeExpense": "219000000",
            "discontinuedOperations": "None",
            "netIncomeFromContinuingOperations": "823000000",
            "netIncomeApplicableToCommonShares": "823000000",
            "preferredStockAndOtherAdjustments": "None"
        },
        {
            "fiscalDateEnding": "2019-03-31",
            "reportedCurrency": "USD",
            "totalRevenue": "4128000000",
            "totalOperatingExpense": "3610000000",
            "costOfRevenue": "2278000000",
            "grossProfit": "4128000000",
            "ebit": "717000000",
            "netIncome": "667000000",
            "researchAndDevelopment": "-511000000",
            "effectOfAccountingCharges": "None",
            "incomeBeforeTax": "717000000",
            "minorityInterest": "44000000",
            "sellingGeneralAdministrative": "-329000000",
            "otherNonOperatingIncome": "199000000",
            "operatingIncome": "518000000",
            "otherOperatingExpense": "-5000000",
            "interestExpense": "22000000",
            "taxProvision": "50000000",
            "interestIncome": "197000000",
            "netInterestIncome": "27000000",
            "extraordinaryItems": "None",
            "nonRecurring": "None",
            "otherItems": "None",
            "incomeTaxExpense": "50000000",
            "totalOtherIncomeExpense": "99000000",
            "discontinuedOperations": "None",
            "netIncomeFromContinuingOperations": "667000000",
            "netIncomeApplicableToCommonShares": "667000000",
            "preferredStockAndOtherAdjustments": "None"
        },
        {
            "fiscalDateEnding": "2018-12-31",
            "reportedCurrency": "USD",
            "totalRevenue": "4226000000",
            "totalOperatingExpense": "3628000000",
            "costOfRevenue": "2325000000",
            "grossProfit": "4226000000",
            "ebit": "686000000",
            "netIncome": "584000000",
            "researchAndDevelopment": "289000000",
            "effectOfAccountingCharges": "0",
            "incomeBeforeTax": "686000000",
            "minorityInterest": "0",
            "sellingGeneralAdministrative": "791000000",
            "otherNonOperatingIncome": "88000000",
            "operatingIncome": "598000000",
            "otherOperatingExpense": "2548000000",
            "interestExpense": "-20000000",
            "taxProvision": "None",
            "interestIncome": "None",
            "netInterestIncome": "None",
            "extraordinaryItems": "18000000",
            "nonRecurring": "0",
            "otherItems": "0",
            "incomeTaxExpense": "102000000",
            "totalOtherIncomeExpense": "88000000",
            "discontinuedOperations": "0",
            "netIncomeFromContinuingOperations": "584000000",
            "netIncomeApplicableToCommonShares": "584000000",
            "preferredStockAndOtherAdjustments": "None"
        },
        {
            "fiscalDateEnding": "2018-09-30",
            "reportedCurrency": "USD",
            "totalRevenue": "3683000000",
            "totalOperatingExpense": "3193000000",
            "costOfRevenue": "2028000000",
            "grossProfit": "3683000000",
            "ebit": "533000000",
            "netIncome": "436000000",
            "researchAndDevelopment": "269000000",
            "effectOfAccountingCharges": "0",
            "incomeBeforeTax": "533000000",
            "minorityInterest": "0",
            "sellingGeneralAdministrative": "708000000",
            "otherNonOperatingIncome": "43000000",
            "operatingIncome": "490000000",
            "otherOperatingExpense": "2216000000",
            "interestExpense": "-22000000",
            "taxProvision": "None",
            "interestIncome": "None",
            "netInterestIncome": "None",
            "extraordinaryItems": "0",
            "nonRecurring": "0",
            "otherItems": "0",
            "incomeTaxExpense": "97000000",
            "totalOtherIncomeExpense": "43000000",
            "discontinuedOperations": "0",
            "netIncomeFromContinuingOperations": "436000000",
            "netIncomeApplicableToCommonShares": "436000000",
            "preferredStockAndOtherAdjustments": "None"
        },
        {
            "fiscalDateEnding": "2018-06-30",
            "reportedCurrency": "USD",
            "totalRevenue": "3857000000",
            "totalOperatingExpense": "3285000000",
            "costOfRevenue": "2053000000",
            "grossProfit": "3857000000",
            "ebit": "609000000",
            "netIncome": "526000000",
            "researchAndDevelopment": "255000000",
            "effectOfAccountingCharges": "0",
            "incomeBeforeTax": "609000000",
            "minorityInterest": "0",
            "sellingGeneralAdministrative": "797000000",
            "otherNonOperatingIncome": "37000000",
            "operatingIncome": "572000000",
            "otherOperatingExpense": "2233000000",
            "interestExpense": "-22000000",
            "taxProvision": "None",
            "interestIncome": "None",
            "netInterestIncome": "None",
            "extraordinaryItems": "0",
            "nonRecurring": "-153000000",
            "otherItems": "0",
            "incomeTaxExpense": "83000000",
            "totalOtherIncomeExpense": "37000000",
            "discontinuedOperations": "0",
            "netIncomeFromContinuingOperations": "526000000",
            "netIncomeApplicableToCommonShares": "526000000",
            "preferredStockAndOtherAdjustments": "None"
        },
        {
            "fiscalDateEnding": "2018-03-31",
            "reportedCurrency": "USD",
            "totalRevenue": "3685000000",
            "totalOperatingExpense": "3151000000",
            "costOfRevenue": "1626000000",
            "grossProfit": "3685000000",
            "ebit": "548000000",
            "netIncome": "511000000",
            "researchAndDevelopment": "258000000",
            "effectOfAccountingCharges": "0",
            "incomeBeforeTax": "548000000",
            "minorityInterest": "0",
            "sellingGeneralAdministrative": "777000000",
            "otherNonOperatingIncome": "14000000",
            "operatingIncome": "534000000",
            "otherOperatingExpense": "2116000000",
            "interestExpense": "-22000000",
            "taxProvision": "None",
            "interestIncome": "None",
            "netInterestIncome": "None",
            "extraordinaryItems": "0",
            "nonRecurring": "153000000",
            "otherItems": "0",
            "incomeTaxExpense": "37000000",
            "totalOtherIncomeExpense": "-11000000",
            "discontinuedOperations": "0",
            "netIncomeFromContinuingOperations": "511000000",
            "netIncomeApplicableToCommonShares": "511000000",
            "preferredStockAndOtherAdjustments": "None"
        },
        {
            "fiscalDateEnding": "2017-12-31",
            "reportedCurrency": "USD",
            "totalRevenue": "3744000000",
            "totalOperatingExpense": "2901000000",
            "costOfRevenue": "1632000000",
            "grossProfit": "3744000000",
            "ebit": "864000000",
            "netIncome": "620000000",
            "researchAndDevelopment": "267000000",
            "effectOfAccountingCharges": "0",
            "incomeBeforeTax": "864000000",
            "minorityInterest": "0",
            "sellingGeneralAdministrative": "775000000",
            "otherNonOperatingIncome": "21000000",
            "operatingIncome": "843000000",
            "otherOperatingExpense": "1899000000",
            "interestExpense": "-7000000",
            "taxProvision": "None",
            "interestIncome": "None",
            "netInterestIncome": "None",
            "extraordinaryItems": "0",
            "nonRecurring": "184000000",
            "otherItems": "0",
            "incomeTaxExpense": "244000000",
            "totalOtherIncomeExpense": "275000000",
            "discontinuedOperations": "0",
            "netIncomeFromContinuingOperations": "620000000",
            "netIncomeApplicableToCommonShares": "620000000",
            "preferredStockAndOtherAdjustments": "None"
        },
        {
            "fiscalDateEnding": "2017-09-30",
            "reportedCurrency": "USD",
            "totalRevenue": "3239000000",
            "totalOperatingExpense": "2816000000",
            "costOfRevenue": "1448000000",
            "grossProfit": "3239000000",
            "ebit": "451000000",
            "netIncome": "380000000",
            "researchAndDevelopment": "240000000",
            "effectOfAccountingCharges": "0",
            "incomeBeforeTax": "451000000",
            "minorityInterest": "0",
            "sellingGeneralAdministrative": "571000000",
            "otherNonOperatingIncome": "28000000",
            "operatingIncome": "423000000",
            "otherOperatingExpense": "2005000000",
            "interestExpense": "0",
            "taxProvision": "None",
            "interestIncome": "None",
            "netInterestIncome": "None",
            "extraordinaryItems": "0",
            "nonRecurring": "-64000000",
            "otherItems": "0",
            "incomeTaxExpense": "71000000",
            "totalOtherIncomeExpense": "1000000",
            "discontinuedOperations": "0",
            "netIncomeFromContinuingOperations": "380000000",
            "netIncomeApplicableToCommonShares": "380000000",
            "preferredStockAndOtherAdjustments": "None"
        },
        {
            "fiscalDateEnding": "2017-06-30",
            "reportedCurrency": "USD",
            "totalRevenue": "3136000000",
            "totalOperatingExpense": "2706000000",
            "costOfRevenue": "1399000000",
            "grossProfit": "3136000000",
            "ebit": "447000000",
            "netIncome": "411000000",
            "researchAndDevelopment": "232000000",
            "effectOfAccountingCharges": "0",
            "incomeBeforeTax": "447000000",
            "minorityInterest": "0",
            "sellingGeneralAdministrative": "566000000",
            "otherNonOperatingIncome": "17000000",
            "operatingIncome": "430000000",
            "otherOperatingExpense": "1908000000",
            "interestExpense": "0",
            "taxProvision": "None",
            "interestIncome": "None",
            "netInterestIncome": "None",
            "extraordinaryItems": "0",
            "nonRecurring": "-28000000",
            "otherItems": "0",
            "incomeTaxExpense": "36000000",
            "totalOtherIncomeExpense": "3000000",
            "discontinuedOperations": "0",
            "netIncomeFromContinuingOperations": "411000000",
            "netIncomeApplicableToCommonShares": "411000000",
            "preferredStockAndOtherAdjustments": "None"
        },
        {
            "fiscalDateEnding": "2017-03-31",
            "reportedCurrency": "USD",
            "totalRevenue": "2975000000",
            "totalOperatingExpense": "2544000000",
            "costOfRevenue": "1304000000",
            "grossProfit": "2975000000",
            "ebit": "438000000",
            "netIncome": "384000000",
            "researchAndDevelopment": "214000000",
            "effectOfAccountingCharges": "0",
            "incomeBeforeTax": "438000000",
            "minorityInterest": "0",
            "sellingGeneralAdministrative": "503000000",
            "otherNonOperatingIncome": "7000000",
            "operatingIncome": "431000000",
            "otherOperatingExpense": "1787000000",
            "interestExpense": "0",
            "taxProvision": "None",
            "interestIncome": "None",
            "netInterestIncome": "None",
            "extraordinaryItems": "0",
            "nonRecurring": "40000000",
            "otherItems": "0",
            "incomeTaxExpense": "54000000",
            "totalOtherIncomeExpense": "7000000",
            "discontinuedOperations": "0",
            "netIncomeFromContinuingOperations": "384000000",
            "netIncomeApplicableToCommonShares": "384000000",
            "preferredStockAndOtherAdjustments": "None"
        },
        {
            "fiscalDateEnding": "2016-12-31",
            "reportedCurrency": "USD",
            "totalRevenue": "2981000000",
            "totalOperatingExpense": "2521000000",
            "costOfRevenue": "1282000000",
            "grossProfit": "2981000000",
            "ebit": "469000000",
            "netIncome": "390000000",
            "researchAndDevelopment": "215000000",
            "effectOfAccountingCharges": "0",
            "incomeBeforeTax": "469000000",
            "minorityInterest": "0",
            "sellingGeneralAdministrative": "528000000",
            "otherNonOperatingIncome": "9000000",
            "operatingIncome": "460000000",
            "otherOperatingExpense": "1778000000",
            "interestExpense": "-3000000",
            "taxProvision": "None",
            "interestIncome": "None",
            "netInterestIncome": "None",
            "extraordinaryItems": "0",
            "nonRecurring": "172000000",
            "otherItems": "0",
            "incomeTaxExpense": "79000000",
            "totalOtherIncomeExpense": "42000000",
            "discontinuedOperations": "0",
            "netIncomeFromContinuingOperations": "390000000",
            "netIncomeApplicableToCommonShares": "390000000",
            "preferredStockAndOtherAdjustments": "None"
        },
        {
            "fiscalDateEnding": "2016-09-30",
            "reportedCurrency": "USD",
            "totalRevenue": "2667000000",
            "totalOperatingExpense": "2319000000",
            "costOfRevenue": "1155000000",
            "grossProfit": "2667000000",
            "ebit": "360000000",
            "netIncome": "323000000",
            "researchAndDevelopment": "215000000",
            "effectOfAccountingCharges": "0",
            "incomeBeforeTax": "360000000",
            "minorityInterest": "0",
            "sellingGeneralAdministrative": "494000000",
            "otherNonOperatingIncome": "12000000",
            "operatingIncome": "348000000",
            "otherOperatingExpense": "1610000000",
            "interestExpense": "0",
            "taxProvision": "None",
            "interestIncome": "None",
            "netInterestIncome": "None",
            "extraordinaryItems": "0",
            "nonRecurring": "-80000000",
            "otherItems": "0",
            "incomeTaxExpense": "37000000",
            "totalOtherIncomeExpense": "9000000",
            "discontinuedOperations": "0",
            "netIncomeFromContinuingOperations": "323000000",
            "netIncomeApplicableToCommonShares": "323000000",
            "preferredStockAndOtherAdjustments": "None"
        },
        {
            "fiscalDateEnding": "2016-06-30",
            "reportedCurrency": "USD",
            "totalRevenue": "2650000000",
            "totalOperatingExpense": "2279000000",
            "costOfRevenue": "1128000000",
            "grossProfit": "2650000000",
            "ebit": "380000000",
            "netIncome": "323000000",
            "researchAndDevelopment": "209000000",
            "effectOfAccountingCharges": "0",
            "incomeBeforeTax": "380000000",
            "minorityInterest": "0",
            "sellingGeneralAdministrative": "511000000",
            "otherNonOperatingIncome": "9000000",
            "operatingIncome": "371000000",
            "otherOperatingExpense": "1559000000",
            "interestExpense": "0",
            "taxProvision": "None",
            "interestIncome": "None",
            "netInterestIncome": "None",
            "extraordinaryItems": "0",
            "nonRecurring": "40000000",
            "otherItems": "0",
            "incomeTaxExpense": "57000000",
            "totalOtherIncomeExpense": "-21000000",
            "discontinuedOperations": "0",
            "netIncomeFromContinuingOperations": "323000000",
            "netIncomeApplicableToCommonShares": "323000000",
            "preferredStockAndOtherAdjustments": "None"
        },
        {
            "fiscalDateEnding": "2016-03-31",
            "reportedCurrency": "USD",
            "totalRevenue": "2544000000",
            "totalOperatingExpense": "2137000000",
            "costOfRevenue": "1048000000",
            "grossProfit": "2544000000",
            "ebit": "422000000",
            "netIncome": "365000000",
            "researchAndDevelopment": "195000000",
            "effectOfAccountingCharges": "0",
            "incomeBeforeTax": "422000000",
            "minorityInterest": "0",
            "sellingGeneralAdministrative": "464000000",
            "otherNonOperatingIncome": "15000000",
            "operatingIncome": "407000000",
            "otherOperatingExpense": "1478000000",
            "interestExpense": "0",
            "taxProvision": "None",
            "interestIncome": "None",
            "netInterestIncome": "None",
            "extraordinaryItems": "0",
            "nonRecurring": "0",
            "otherItems": "0",
            "incomeTaxExpense": "57000000",
            "totalOtherIncomeExpense": "15000000",
            "discontinuedOperations": "0",
            "netIncomeFromContinuingOperations": "365000000",
            "netIncomeApplicableToCommonShares": "365000000",
            "preferredStockAndOtherAdjustments": "None"
        },
        {
            "fiscalDateEnding": "2015-12-31",
            "reportedCurrency": "USD",
            "totalRevenue": "2556000000",
            "totalOperatingExpense": "7739000000",
            "costOfRevenue": "1049000000",
            "grossProfit": "4719000000",
            "ebit": "1509000000",
            "netIncome": "367000000",
            "researchAndDevelopment": "208000000",
            "effectOfAccountingCharges": "0",
            "incomeBeforeTax": "418000000",
            "minorityInterest": "0",
            "sellingGeneralAdministrative": "933000000",
            "otherNonOperatingIncome": "None",
            "operatingIncome": "410000000",
            "otherOperatingExpense": "92000000",
            "interestExpense": "-3000000",
            "taxProvision": "None",
            "interestIncome": "None",
            "netInterestIncome": "None",
            "extraordinaryItems": "0",
            "nonRecurring": "48000000",
            "otherItems": "0",
            "incomeTaxExpense": "51000000",
            "totalOtherIncomeExpense": "-41000000",
            "discontinuedOperations": "0",
            "netIncomeFromContinuingOperations": "1228000000",
            "netIncomeApplicableToCommonShares": "367000000",
            "preferredStockAndOtherAdjustments": "None"
        },
        {
            "fiscalDateEnding": "2015-09-30",
            "reportedCurrency": "USD",
            "totalRevenue": "2258000000",
            "totalOperatingExpense": "1928000000",
            "costOfRevenue": "935000000",
            "grossProfit": "2258000000",
            "ebit": "350000000",
            "netIncome": "301000000",
            "researchAndDevelopment": "230000000",
            "effectOfAccountingCharges": "0",
            "incomeBeforeTax": "350000000",
            "minorityInterest": "0",
            "sellingGeneralAdministrative": "376000000",
            "otherNonOperatingIncome": "20000000",
            "operatingIncome": "330000000",
            "otherOperatingExpense": "1322000000",
            "interestExpense": "0",
            "taxProvision": "None",
            "interestIncome": "None",
            "netInterestIncome": "None",
            "extraordinaryItems": "0",
            "nonRecurring": "0",
            "otherItems": "0",
            "incomeTaxExpense": "49000000",
            "totalOtherIncomeExpense": "20000000",
            "discontinuedOperations": "0",
            "netIncomeFromContinuingOperations": "301000000",
            "netIncomeApplicableToCommonShares": "301000000",
            "preferredStockAndOtherAdjustments": "None"
        },
        {
            "fiscalDateEnding": "2015-06-30",
            "reportedCurrency": "USD",
            "totalRevenue": "2297000000",
            "totalOperatingExpense": "1899000000",
            "costOfRevenue": "912000000",
            "grossProfit": "2297000000",
            "ebit": "399000000",
            "netIncome": "305000000",
            "researchAndDevelopment": "241000000",
            "effectOfAccountingCharges": "0",
            "incomeBeforeTax": "399000000",
            "minorityInterest": "0",
            "sellingGeneralAdministrative": "380000000",
            "otherNonOperatingIncome": "1000000",
            "operatingIncome": "399000000",
            "otherOperatingExpense": "1277000000",
            "interestExpense": "0",
            "taxProvision": "None",
            "interestIncome": "None",
            "netInterestIncome": "None",
            "extraordinaryItems": "0",
            "nonRecurring": "1000000",
            "otherItems": "0",
            "incomeTaxExpense": "94000000",
            "totalOtherIncomeExpense": "0",
            "discontinuedOperations": "0",
            "netIncomeFromContinuingOperations": "305000000",
            "netIncomeApplicableToCommonShares": "305000000",
            "preferredStockAndOtherAdjustments": "None"
        }
    ]
}