{
    "symbol": "T",
    "annualReports": [
        {
            "fiscalDateEnding": "2019-12-31",
            "reportedCurrency": "USD",
            "totalRevenue": "181193000000",
            "totalOperatingExpense": "69097000000",
            "costOfRevenue": "84141000000",
            "grossProfit": "97052000000",
            "ebit": "26878000000",
            "netIncome": "13903000000",
            "researchAndDevelopment": "None",
            "effectOfAccountingCharges": "None",
            "incomeBeforeTax": "18468000000",
            "minorityInterest": "1072000000",
            "sellingGeneralAdministrative": "39422000000",
            "otherNonOperatingIncome": "-1077000000",
            "operatingIncome": "27955000000",
            "otherOperatingExpense": "29675000000",
            "interestExpense": "8422000000",
            "taxProvision": "3493000000",
            "interestIncome": "-8215000000",
            "netInterestIncome": "-8422000000",
            "extraordinaryItems": "None",
            "nonRecurring": "None",
            "otherItems": "None",
            "incomeTaxExpense": "3493000000",
            "totalOtherIncomeExpense": "-2523000000",
            "discontinuedOperations": "None",
            "netIncomeFromContinuingOperations": "14975000000",
            "netIncomeApplicableToCommonShares": "13900000000",
            "preferredStockAndOtherAdjustments": "3000000"
        },
        {
            "fiscalDateEnding": "2018-12-31",
            "reportedCurrency": "USD",
            "totalRevenue": "170756000000",
            "totalOperatingExpense": "65241000000",
            "costOfRevenue": "79419000000",
            "grossProfit": "91337000000",
            "ebit": "32830000000",
            "netIncome": "19370000000",
            "researchAndDevelopment": "None",
            "effectOfAccountingCharges": "None",
            "incomeBeforeTax": "24873000000",
            "minorityInterest": "583000000",
            "sellingGeneralAdministrative": "36765000000",
            "otherNonOperatingIncome": "6734000000",
            "operatingIncome": "26096000000",
            "otherOperatingExpense": "28476000000",
            "interestExpense": "7957000000",
            "taxProvision": "4920000000",
            "interestIncome": "-8185000000",
            "netInterestIncome": "-7957000000",
            "extraordinaryItems": "718000000",
            "nonRecurring": "None",
            "otherItems": "None",
            "incomeTaxExpense": "4920000000",
            "totalOtherIncomeExpense": "6688000000",
            "discontinuedOperations": "None",
            "netIncomeFromContinuingOperations": "19953000000",
            "netIncomeApplicableToCommonShares": "19370000000",
            "preferredStockAndOtherAdjustments": "None"
        },
        {
            "fiscalDateEnding": "2017-12-31",
            "reportedCurrency": "USD",
            "totalRevenue": "160546000000",
            "totalOperatingExpense": "56390000000",
            "costOfRevenue": "77379000000",
            "grossProfit": "83167000000",
            "ebit": "21439000000",
            "netIncome": "29450000000",
            "researchAndDevelopment": "1503000000",
            "effectOfAccountingCharges": "None",
            "incomeBeforeTax": "15139000000",
            "minorityInterest": "397000000",
            "sellingGeneralAdministrative": "34917000000",
            "otherNonOperatingIncome": "490000000",
            "operatingIncome": "20949000000",
            "otherOperatingExpense": "21473000000",
            "interestExpense": "6300000000",
            "taxProvision": "-14708000000",
            "interestIncome": "-6405000000",
            "netInterestIncome": "-6300000000",
            "extraordinaryItems": "20271000000",
            "nonRecurring": "None",
            "otherItems": "None",
            "incomeTaxExpense": "-14708000000",
            "totalOtherIncomeExpense": "-2424000000",
            "discontinuedOperations": "None",
            "netIncomeFromContinuingOperations": "29847000000",
            "netIncomeApplicableToCommonShares": "29450000000",
            "preferredStockAndOtherAdjustments": "None"
        },
        {
            "fiscalDateEnding": "2016-12-31",
            "reportedCurrency": "USD",
            "totalRevenue": "163786000000",
            "totalOperatingExpense": "61833000000",
            "costOfRevenue": "76884000000",
            "grossProfit": "86902000000",
            "ebit": "24722000000",
            "netIncome": "12976000000",
            "researchAndDevelopment": "1649000000",
            "effectOfAccountingCharges": "None",
            "incomeBeforeTax": "19812000000",
            "minorityInterest": "357000000",
            "sellingGeneralAdministrative": "36347000000",
            "otherNonOperatingIncome": "375000000",
            "operatingIncome": "24347000000",
            "otherOperatingExpense": "25486000000",
            "interestExpense": "4910000000",
            "taxProvision": "6479000000",
            "interestIncome": "-4694000000",
            "netInterestIncome": "-4910000000",
            "extraordinaryItems": "None",
            "nonRecurring": "None",
            "otherItems": "None",
            "incomeTaxExpense": "6479000000",
            "totalOtherIncomeExpense": "14000000",
            "discontinuedOperations": "None",
            "netIncomeFromContinuingOperations": "13333000000",
            "netIncomeApplicableToCommonShares": "12976000000",
            "preferredStockAndOtherAdjustments": "None"
        },
        {
            "fiscalDateEnding": "2015-12-31",
            "reportedCurrency": "USD",
            "totalRevenue": "146801000000",
            "totalOperatingExpense": "22016000000",
            "costOfRevenue": "67046000000",
            "grossProfit": "79755000000",
            "ebit": "24812000000",
            "netIncome": "13345000000",
            "researchAndDevelopment": "1693000000",
            "effectOfAccountingCharges": "None",
            "incomeBeforeTax": "20692000000",
            "minorityInterest": "342000000",
            "sellingGeneralAdministrative": "32954000000",
            "otherNonOperatingIncome": "27000000",
            "operatingIncome": "24785000000",
            "otherOperatingExpense": "22016000000",
            "interestExpense": "4120000000",
            "taxProvision": "7005000000",
            "interestIncome": "-4041000000",
            "netInterestIncome": "None",
            "extraordinaryItems": "None",
            "nonRecurring": "None",
            "otherItems": "None",
            "incomeTaxExpense": "7005000000",
            "totalOtherIncomeExpense": "-4503000000",
            "discontinuedOperations": "None",
            "netIncomeFromContinuingOperations": "13687000000",
            "netIncomeApplicableToCommonShares": "13345000000",
            "preferredStockAndOtherAdjustments": "None"
        }
    ],
    "quarterlyReports": [
        {
            "fiscalDateEnding": "2020-06-30",
            "reportedCurrency": "USD",
            "totalRevenue": "40950000000",
            "totalOperatingExpense": "19435000000",
            "costOfRevenue": "17983000000",
            "grossProfit": "22967000000",
            "ebit": "4539000000",
            "netIncome": "1281000000",
            "researchAndDevelopment": "None",
            "effectOfAccountingCharges": "None",
            "incomeBeforeTax": "2498000000",
            "minorityInterest": "282000000",
            "sellingGeneralAdministrative": "9831000000",
            "otherNonOperatingIncome": "1007000000",
            "operatingIncome": "3532000000",
            "otherOperatingExpense": "7285000000",
            "interestExpense": "2041000000",
            "taxProvision": "935000000",
            "interestIncome": "-2051000000",
            "netInterestIncome": "-2041000000",
            "extraordinaryItems": "None",
            "nonRecurring": "2319000000",
            "otherItems": "None",
            "incomeTaxExpense": "935000000",
            "totalOtherIncomeExpense": "-1312000000",
            "discontinuedOperations": "None",
            "netIncomeFromContinuingOperations": "1563000000",
            "netIncomeApplicableToCommonShares": "1229000000",
            "preferredStockAndOtherAdjustments": "52000000"
        },
        {
            "fiscalDateEnding": "2020-03-31",
            "reportedCurrency": "USD",
            "totalRevenue": "42779000000",
            "totalOperatingExpense": "16012000000",
            "costOfRevenue": "19281000000",
            "grossProfit": "23498000000",
            "ebit": "8283000000",
            "netIncome": "4610000000",
            "researchAndDevelopment": "None",
            "effectOfAccountingCharges": "None",
            "incomeBeforeTax": "6265000000",
            "minorityInterest": "353000000",
            "sellingGeneralAdministrative": "8790000000",
            "otherNonOperatingIncome": "797000000",
            "operatingIncome": "7486000000",
            "otherOperatingExpense": "7222000000",
            "interestExpense": "2018000000",
            "taxProvision": "1302000000",
            "interestIncome": "-2194000000",
            "netInterestIncome": "-2018000000",
            "extraordinaryItems": "None",
            "nonRecurring": "None",
            "otherItems": "None",
            "incomeTaxExpense": "1302000000",
            "totalOtherIncomeExpense": "797000000",
            "discontinuedOperations": "None",
            "netIncomeFromContinuingOperations": "4963000000",
            "netIncomeApplicableToCommonShares": "4578000000",
            "preferredStockAndOtherAdjustments": "32000000"
        },
        {
            "fiscalDateEnding": "2019-12-31",
            "reportedCurrency": "USD",
            "totalRevenue": "46821000000",
            "totalOperatingExpense": "18764000000",
            "costOfRevenue": "22736000000",
            "grossProfit": "24085000000",
            "ebit": "5175000000",
            "netIncome": "2394000000",
            "researchAndDevelopment": "None",
            "effectOfAccountingCharges": "None",
            "incomeBeforeTax": "3138000000",
            "minorityInterest": "310000000",
            "sellingGeneralAdministrative": "10345000000",
            "otherNonOperatingIncome": "-146000000",
            "operatingIncome": "5321000000",
            "otherOperatingExpense": "8419000000",
            "interestExpense": "2049000000",
            "taxProvision": "434000000",
            "interestIncome": "-2008000000",
            "netInterestIncome": "-2049000000",
            "extraordinaryItems": "None",
            "nonRecurring": "None",
            "otherItems": "None",
            "incomeTaxExpense": "434000000",
            "totalOtherIncomeExpense": "-1592000000",
            "discontinuedOperations": "None",
            "netIncomeFromContinuingOperations": "2704000000",
            "netIncomeApplicableToCommonShares": "2391000000",
            "preferredStockAndOtherAdjustments": "3000000"
        },
        {
            "fiscalDateEnding": "2019-09-30",
            "reportedCurrency": "USD",
            "totalRevenue": "44588000000",
            "totalOperatingExpense": "16533000000",
            "costOfRevenue": "20154000000",
            "grossProfit": "24434000000",
            "ebit": "6969000000",
            "netIncome": "3700000000",
            "researchAndDevelopment": "None",
            "effectOfAccountingCharges": "None",
            "incomeBeforeTax": "4886000000",
            "minorityInterest": "249000000",
            "sellingGeneralAdministrative": "9584000000",
            "otherNonOperatingIncome": "-932000000",
            "operatingIncome": "7901000000",
            "otherOperatingExpense": "6949000000",
            "interestExpense": "2083000000",
            "taxProvision": "937000000",
            "interestIncome": "-2067000000",
            "netInterestIncome": "-2083000000",
            "extraordinaryItems": "None",
            "nonRecurring": "None",
            "otherItems": "None",
            "incomeTaxExpense": "937000000",
            "totalOtherIncomeExpense": "-932000000",
            "discontinuedOperations": "None",
            "netIncomeFromContinuingOperations": "3949000000",
            "netIncomeApplicableToCommonShares": "3700000000",
            "preferredStockAndOtherAdjustments": "None"
        },
        {
            "fiscalDateEnding": "2019-06-30",
            "reportedCurrency": "USD",
            "totalRevenue": "44957000000",
            "totalOperatingExpense": "16945000000",
            "costOfRevenue": "20512000000",
            "grossProfit": "24445000000",
            "ebit": "7222000000",
            "netIncome": "3713000000",
            "researchAndDevelopment": "None",
            "effectOfAccountingCharges": "None",
            "incomeBeforeTax": "5073000000",
            "minorityInterest": "261000000",
            "sellingGeneralAdministrative": "9844000000",
            "otherNonOperatingIncome": "-278000000",
            "operatingIncome": "7500000000",
            "otherOperatingExpense": "7101000000",
            "interestExpense": "2149000000",
            "taxProvision": "1099000000",
            "interestIncome": "-2128000000",
            "netInterestIncome": "-2149000000",
            "extraordinaryItems": "None",
            "nonRecurring": "None",
            "otherItems": "None",
            "incomeTaxExpense": "1099000000",
            "totalOtherIncomeExpense": "-278000000",
            "discontinuedOperations": "None",
            "netIncomeFromContinuingOperations": "3974000000",
            "netIncomeApplicableToCommonShares": "3713000000",
            "preferredStockAndOtherAdjustments": "None"
        },
        {
            "fiscalDateEnding": "2019-03-31",
            "reportedCurrency": "USD",
            "totalRevenue": "44827000000",
            "totalOperatingExpense": "16855000000",
            "costOfRevenue": "20739000000",
            "grossProfit": "24088000000",
            "ebit": "7512000000",
            "netIncome": "4096000000",
            "researchAndDevelopment": "None",
            "effectOfAccountingCharges": "None",
            "incomeBeforeTax": "5371000000",
            "minorityInterest": "252000000",
            "sellingGeneralAdministrative": "9649000000",
            "otherNonOperatingIncome": "279000000",
            "operatingIncome": "7233000000",
            "otherOperatingExpense": "7206000000",
            "interestExpense": "2141000000",
            "taxProvision": "1023000000",
            "interestIncome": "None",
            "netInterestIncome": "-2141000000",
            "extraordinaryItems": "None",
            "nonRecurring": "None",
            "otherItems": "None",
            "incomeTaxExpense": "1023000000",
            "totalOtherIncomeExpense": "279000000",
            "discontinuedOperations": "None",
            "netIncomeFromContinuingOperations": "4348000000",
            "netIncomeApplicableToCommonShares": "4096000000",
            "preferredStockAndOtherAdjustments": "None"
        },
        {
            "fiscalDateEnding": "2018-12-31",
            "reportedCurrency": "USD",
            "totalRevenue": "47993000000",
            "totalOperatingExpense": "18524000000",
            "costOfRevenue": "23309000000",
            "grossProfit": "24684000000",
            "ebit": "7857000000",
            "netIncome": "4858000000",
            "researchAndDevelopment": "0",
            "effectOfAccountingCharges": "0",
            "incomeBeforeTax": "5745000000",
            "minorityInterest": "272000000",
            "sellingGeneralAdministrative": "10586000000",
            "otherNonOperatingIncome": "1697000000",
            "operatingIncome": "6160000000",
            "otherOperatingExpense": "7938000000",
            "interestExpense": "2112000000",
            "taxProvision": "None",
            "interestIncome": "None",
            "netInterestIncome": "None",
            "extraordinaryItems": "718000000",
            "nonRecurring": "0",
            "otherItems": "0",
            "incomeTaxExpense": "615000000",
            "totalOtherIncomeExpense": "-1522000000",
            "discontinuedOperations": "0",
            "netIncomeFromContinuingOperations": "5130000000",
            "netIncomeApplicableToCommonShares": "4858000000",
            "preferredStockAndOtherAdjustments": "None"
        },
        {
            "fiscalDateEnding": "2018-09-30",
            "reportedCurrency": "USD",
            "totalRevenue": "45739000000",
            "totalOperatingExpense": "17764000000",
            "costOfRevenue": "20706000000",
            "grossProfit": "25033000000",
            "ebit": "8258000000",
            "netIncome": "4718000000",
            "researchAndDevelopment": "0",
            "effectOfAccountingCharges": "0",
            "incomeBeforeTax": "6207000000",
            "minorityInterest": "98000000",
            "sellingGeneralAdministrative": "9598000000",
            "otherNonOperatingIncome": "989000000",
            "operatingIncome": "7269000000",
            "otherOperatingExpense": "8166000000",
            "interestExpense": "2051000000",
            "taxProvision": "None",
            "interestIncome": "None",
            "netInterestIncome": "None",
            "extraordinaryItems": "0",
            "nonRecurring": "0",
            "otherItems": "0",
            "incomeTaxExpense": "1391000000",
            "totalOtherIncomeExpense": "-1592000000",
            "discontinuedOperations": "0",
            "netIncomeFromContinuingOperations": "4816000000",
            "netIncomeApplicableToCommonShares": "4718000000",
            "preferredStockAndOtherAdjustments": "None"
        },
        {
            "fiscalDateEnding": "2018-06-30",
            "reportedCurrency": "USD",
            "totalRevenue": "38986000000",
            "totalOperatingExpense": "15062000000",
            "costOfRevenue": "17458000000",
            "grossProfit": "21528000000",
            "ebit": "8803000000",
            "netIncome": "5132000000",
            "researchAndDevelopment": "0",
            "effectOfAccountingCharges": "0",
            "incomeBeforeTax": "6780000000",
            "minorityInterest": "116000000",
            "sellingGeneralAdministrative": "8684000000",
            "otherNonOperatingIncome": "2337000000",
            "operatingIncome": "6466000000",
            "otherOperatingExpense": "6378000000",
            "interestExpense": "2023000000",
            "taxProvision": "None",
            "interestIncome": "None",
            "netInterestIncome": "None",
            "extraordinaryItems": "0",
            "nonRecurring": "0",
            "otherItems": "0",
            "incomeTaxExpense": "1532000000",
            "totalOtherIncomeExpense": "-140000000",
            "discontinuedOperations": "0",
            "netIncomeFromContinuingOperations": "5248000000",
            "netIncomeApplicableToCommonShares": "5132000000",
            "preferredStockAndOtherAdjustments": "None"
        },
        {
            "fiscalDateEnding": "2018-03-31",
            "reportedCurrency": "USD",
            "totalRevenue": "38038000000",
            "totalOperatingExpense": "13891000000",
            "costOfRevenue": "17946000000",
            "grossProfit": "20092000000",
            "ebit": "7912000000",
            "netIncome": "4662000000",
            "researchAndDevelopment": "0",
            "effectOfAccountingCharges": "0",
            "incomeBeforeTax": "6141000000",
            "minorityInterest": "97000000",
            "sellingGeneralAdministrative": "7897000000",
            "otherNonOperatingIncome": "1711000000",
            "operatingIncome": "6201000000",
            "otherOperatingExpense": "5994000000",
            "interestExpense": "1771000000",
            "taxProvision": "None",
            "interestIncome": "None",
            "netInterestIncome": "None",
            "extraordinaryItems": "0",
            "nonRecurring": "0",
            "otherItems": "0",
            "incomeTaxExpense": "1382000000",
            "totalOtherIncomeExpense": "-282000000",
            "discontinuedOperations": "0",
            "netIncomeFromContinuingOperations": "4759000000",
            "netIncomeApplicableToCommonShares": "4662000000",
            "preferredStockAndOtherAdjustments": "None"
        },
        {
            "fiscalDateEnding": "2017-12-31",
            "reportedCurrency": "USD",
            "totalRevenue": "41830000000",
            "totalOperatingExpense": "233342000000",
            "costOfRevenue": "21926000000",
            "grossProfit": "82736000000",
            "ebit": "-19826000000",
            "netIncome": "19037000000",
            "researchAndDevelopment": "1503000000",
            "effectOfAccountingCharges": "0",
            "incomeBeforeTax": "10165000000",
            "minorityInterest": "99000000",
            "sellingGeneralAdministrative": "8821000000",
            "otherNonOperatingIncome": "None",
            "operatingIncome": "5012000000",
            "otherOperatingExpense": "-12190000000",
            "interestExpense": "1679000000",
            "taxProvision": "None",
            "interestIncome": "None",
            "netInterestIncome": "None",
            "extraordinaryItems": "0",
            "nonRecurring": "0",
            "otherItems": "0",
            "incomeTaxExpense": "-16559000000",
            "totalOtherIncomeExpense": "-8856000000",
            "discontinuedOperations": "0",
            "netIncomeFromContinuingOperations": "9820000000",
            "netIncomeApplicableToCommonShares": "19037000000",
            "preferredStockAndOtherAdjustments": "None"
        },
        {
            "fiscalDateEnding": "2017-09-30",
            "reportedCurrency": "USD",
            "totalRevenue": "39668000000",
            "totalOperatingExpense": "14359000000",
            "costOfRevenue": "18906000000",
            "grossProfit": "20762000000",
            "ebit": "6660000000",
            "netIncome": "3029000000",
            "researchAndDevelopment": "0",
            "effectOfAccountingCharges": "0",
            "incomeBeforeTax": "4974000000",
            "minorityInterest": "94000000",
            "sellingGeneralAdministrative": "8317000000",
            "otherNonOperatingIncome": "257000000",
            "operatingIncome": "6403000000",
            "otherOperatingExpense": "6042000000",
            "interestExpense": "1686000000",
            "taxProvision": "None",
            "interestIncome": "None",
            "netInterestIncome": "None",
            "extraordinaryItems": "0",
            "nonRecurring": "0",
            "otherItems": "0",
            "incomeTaxExpense": "1851000000",
            "totalOtherIncomeExpense": "0",
            "discontinuedOperations": "0",
            "netIncomeFromContinuingOperations": "3123000000",
            "netIncomeApplicableToCommonShares": "3029000000",
            "preferredStockAndOtherAdjustments": "None"
        },
        {
            "fiscalDateEnding": "2017-06-30",
            "reportedCurrency": "USD",
            "totalRevenue": "39837000000",
            "totalOperatingExpense": "14260000000",
            "costOfRevenue": "18254000000",
            "grossProfit": "21583000000",
            "ebit": "7465000000",
            "netIncome": "3915000000",
            "researchAndDevelopment": "0",
            "effectOfAccountingCharges": "0",
            "incomeBeforeTax": "6070000000",
            "minorityInterest": "99000000",
            "sellingGeneralAdministrative": "8113000000",
            "otherNonOperatingIncome": "142000000",
            "operatingIncome": "7323000000",
            "otherOperatingExpense": "6147000000",
            "interestExpense": "1395000000",
            "taxProvision": "None",
            "interestIncome": "None",
            "netInterestIncome": "None",
            "extraordinaryItems": "0",
            "nonRecurring": "0",
            "otherItems": "0",
            "incomeTaxExpense": "2056000000",
            "totalOtherIncomeExpense": "0",
            "discontinuedOperations": "0",
            "netIncomeFromContinuingOperations": "4014000000",
            "netIncomeApplicableToCommonShares": "3915000000",
            "preferredStockAndOtherAdjustments": "None"
        },
        {
            "fiscalDateEnding": "2017-03-31",
            "reportedCurrency": "USD",
            "totalRevenue": "39365000000",
            "totalOperatingExpense": "14614000000",
            "costOfRevenue": "17887000000",
            "grossProfit": "21478000000",
            "ebit": "6671000000",
            "netIncome": "3469000000",
            "researchAndDevelopment": "0",
            "effectOfAccountingCharges": "0",
            "incomeBeforeTax": "5378000000",
            "minorityInterest": "105000000",
            "sellingGeneralAdministrative": "8487000000",
            "otherNonOperatingIncome": "-193000000",
            "operatingIncome": "6864000000",
            "otherOperatingExpense": "6127000000",
            "interestExpense": "1293000000",
            "taxProvision": "None",
            "interestIncome": "None",
            "netInterestIncome": "None",
            "extraordinaryItems": "0",
            "nonRecurring": "0",
            "otherItems": "0",
            "incomeTaxExpense": "1804000000",
            "totalOtherIncomeExpense": "0",
            "discontinuedOperations": "0",
            "netIncomeFromContinuingOperations": "3574000000",
            "netIncomeApplicableToCommonShares": "3469000000",
            "preferredStockAndOtherAdjustments": "None"
        },
        {
            "fiscalDateEnding": "2016-12-31",
            "reportedCurrency": "USD",
            "totalRevenue": "41831000000",
            "totalOperatingExpense": "138881000000",
            "costOfRevenue": "21119000000",
            "grossProfit": "86596000000",
            "ebit": "-20257000000",
            "netIncome": "2437000000",
            "researchAndDevelopment": "1649000000",
            "effectOfAccountingCharges": "0",
            "incomeBeforeTax": "3191000000",
            "minorityInterest": "78000000",
            "sellingGeneralAdministrative": "9954000000",
            "otherNonOperatingIncome": "None",
            "operatingIncome": "4629000000",
            "otherOperatingExpense": "-13482000000",
            "interestExpense": "1444000000",
            "taxProvision": "None",
            "interestIncome": "None",
            "netInterestIncome": "None",
            "extraordinaryItems": "0",
            "nonRecurring": "0",
            "otherItems": "0",
            "incomeTaxExpense": "676000000",
            "totalOtherIncomeExpense": "-5093000000",
            "discontinuedOperations": "0",
            "netIncomeFromContinuingOperations": "-10991000000",
            "netIncomeApplicableToCommonShares": "2437000000",
            "preferredStockAndOtherAdjustments": "None"
        },
        {
            "fiscalDateEnding": "2016-09-30",
            "reportedCurrency": "USD",
            "totalRevenue": "40890000000",
            "totalOperatingExpense": "15592000000",
            "costOfRevenue": "18890000000",
            "grossProfit": "22000000000",
            "ebit": "6417000000",
            "netIncome": "3328000000",
            "researchAndDevelopment": "0",
            "effectOfAccountingCharges": "0",
            "incomeBeforeTax": "5193000000",
            "minorityInterest": "90000000",
            "sellingGeneralAdministrative": "9013000000",
            "otherNonOperatingIncome": "9000000",
            "operatingIncome": "6408000000",
            "otherOperatingExpense": "6579000000",
            "interestExpense": "1224000000",
            "taxProvision": "None",
            "interestIncome": "None",
            "netInterestIncome": "None",
            "extraordinaryItems": "0",
            "nonRecurring": "0",
            "otherItems": "0",
            "incomeTaxExpense": "1775000000",
            "totalOtherIncomeExpense": "0",
            "discontinuedOperations": "0",
            "netIncomeFromContinuingOperations": "3418000000",
            "netIncomeApplicableToCommonShares": "3328000000",
            "preferredStockAndOtherAdjustments": "None"
        },
        {
            "fiscalDateEnding": "2016-06-30",
            "reportedCurrency": "USD",
            "totalRevenue": "40520000000",
            "totalOperatingExpense": "15485000000",
            "costOfRevenue": "18475000000",
            "grossProfit": "22045000000",
            "ebit": "6679000000",
            "netIncome": "3408000000",
            "researchAndDevelopment": "0",
            "effectOfAccountingCharges": "0",
            "incomeBeforeTax": "5421000000",
            "minorityInterest": "107000000",
            "sellingGeneralAdministrative": "8909000000",
            "otherNonOperatingIncome": "119000000",
            "operatingIncome": "6560000000",
            "otherOperatingExpense": "6576000000",
            "interestExpense": "1258000000",
            "taxProvision": "None",
            "interestIncome": "None",
            "netInterestIncome": "None",
            "extraordinaryItems": "0",
            "nonRecurring": "0",
            "otherItems": "0",
            "incomeTaxExpense": "1906000000",
            "totalOtherIncomeExpense": "0",
            "discontinuedOperations": "0",
            "netIncomeFromContinuingOperations": "3515000000",
            "netIncomeApplicableToCommonShares": "3408000000",
            "preferredStockAndOtherAdjustments": "None"
        },
        {
            "fiscalDateEnding": "2016-03-31",
            "reportedCurrency": "USD",
            "totalRevenue": "40535000000",
            "totalOperatingExpense": "15004000000",
            "costOfRevenue": "18400000000",
            "grossProfit": "22135000000",
            "ebit": "7214000000",
            "netIncome": "3803000000",
            "researchAndDevelopment": "0",
            "effectOfAccountingCharges": "0",
            "incomeBeforeTax": "6007000000",
            "minorityInterest": "82000000",
            "sellingGeneralAdministrative": "8441000000",
            "otherNonOperatingIncome": "83000000",
            "operatingIncome": "7131000000",
            "otherOperatingExpense": "6563000000",
            "interestExpense": "1207000000",
            "taxProvision": "None",
            "interestIncome": "None",
            "netInterestIncome": "None",
            "extraordinaryItems": "0",
            "nonRecurring": "0",
            "otherItems": "0",
            "incomeTaxExpense": "2122000000",
            "totalOtherIncomeExpense": "0",
            "discontinuedOperations": "0",
            "netIncomeFromContinuingOperations": "3885000000",
            "netIncomeApplicableToCommonShares": "3803000000",
            "preferredStockAndOtherAdjustments": "None"
        },
        {
            "fiscalDateEnding": "2015-12-31",
            "reportedCurrency": "USD",
            "totalRevenue": "42119000000",
            "totalOperatingExpense": "121606000000",
            "costOfRevenue": "19600000000",
            "grossProfit": "79755000000",
            "ebit": "25195000000",
            "netIncome": "4006000000",
            "researchAndDevelopment": "1693000000",
            "effectOfAccountingCharges": "0",
            "incomeBeforeTax": "6307000000",
            "minorityInterest": "80000000",
            "sellingGeneralAdministrative": "8419000000",
            "otherNonOperatingIncome": "None",
            "operatingIncome": "7623000000",
            "otherOperatingExpense": "22016000000",
            "interestExpense": "1374000000",
            "taxProvision": "None",
            "interestIncome": "None",
            "netInterestIncome": "None",
            "extraordinaryItems": "0",
            "nonRecurring": "0",
            "otherItems": "0",
            "incomeTaxExpense": "2221000000",
            "totalOtherIncomeExpense": "-4503000000",
            "discontinuedOperations": "0",
            "netIncomeFromContinuingOperations": "13687000000",
            "netIncomeApplicableToCommonShares": "4006000000",
            "preferredStockAndOtherAdjustments": "None"
        },
        {
            "fiscalDateEnding": "2015-09-30",
            "reportedCurrency": "USD",
            "totalRevenue": "39091000000",
            "totalOperatingExpense": "15372000000",
            "costOfRevenue": "17796000000",
            "grossProfit": "21295000000",
            "ebit": "5881000000",
            "netIncome": "2994000000",
            "researchAndDevelopment": "0",
            "effectOfAccountingCharges": "0",
            "incomeBeforeTax": "4735000000",
            "minorityInterest": "84000000",
            "sellingGeneralAdministrative": "9107000000",
            "otherNonOperatingIncome": "-42000000",
            "operatingIncome": "5923000000",
            "otherOperatingExpense": "6265000000",
            "interestExpense": "1146000000",
            "taxProvision": "None",
            "interestIncome": "None",
            "netInterestIncome": "None",
            "extraordinaryItems": "0",
            "nonRecurring": "0",
            "otherItems": "0",
            "incomeTaxExpense": "1657000000",
            "totalOtherIncomeExpense": "0",
            "discontinuedOperations": "0",
            "netIncomeFromContinuingOperations": "3078000000",
            "netIncomeApplicableToCommonShares": "2994000000",
            "preferredStockAndOtherAdjustments": "None"
        },
        {
            "fiscalDateEnding": "2015-06-30",
            "reportedCurrency": "USD",
            "totalRevenue": "33015000000",
            "totalOperatingExpense": "12163000000",
            "costOfRevenue": "15140000000",
            "grossProfit": "17875000000",
            "ebit": "5793000000",
            "netIncome": "3044000000",
            "researchAndDevelopment": "0",
            "effectOfAccountingCharges": "0",
            "incomeBeforeTax": "4861000000",
            "minorityInterest": "102000000",
            "sellingGeneralAdministrative": "7467000000",
            "otherNonOperatingIncome": "81000000",
            "operatingIncome": "5712000000",
            "otherOperatingExpense": "4696000000",
            "interestExpense": "932000000",
            "taxProvision": "None",
            "interestIncome": "None",
            "netInterestIncome": "None",
            "extraordinaryItems": "0",
            "nonRecurring": "0",
            "otherItems": "0",
            "incomeTaxExpense": "1715000000",
            "totalOtherIncomeExpense": "0",
            "discontinuedOperations": "0",
            "netIncomeFromContinuingOperations": "3146000000",
            "netIncomeApplicableToCommonShares": "3044000000",
            "preferredStockAndOtherAdjustments": "None"
        }
    ]
}