{
    "symbol": "TXN",
    "annualReports": [
        {
            "fiscalDateEnding": "2019-12-31",
            "reportedCurrency": "USD",
            "totalRevenue": "14383000000",
            "totalOperatingExpense": "3441000000",
            "costOfRevenue": "5219000000",
            "grossProfit": "9164000000",
            "ebit": "5898000000",
            "netIncome": "5017000000",
            "researchAndDevelopment": "1544000000",
            "effectOfAccountingCharges": "None",
            "incomeBeforeTax": "5728000000",
            "minorityInterest": "None",
            "sellingGeneralAdministrative": "1645000000",
            "otherNonOperatingIncome": "175000000",
            "operatingIncome": "5723000000",
            "otherOperatingExpense": "None",
            "interestExpense": "170000000",
            "taxProvision": "711000000",
            "interestIncome": "-170000000",
            "netInterestIncome": "-170000000",
            "extraordinaryItems": "None",
            "nonRecurring": "252000000",
            "otherItems": "None",
            "incomeTaxExpense": "711000000",
            "totalOtherIncomeExpense": "-77000000",
            "discontinuedOperations": "None",
            "netIncomeFromContinuingOperations": "5017000000",
            "netIncomeApplicableToCommonShares": "5017000000",
            "preferredStockAndOtherAdjustments": "None"
        },
        {
            "fiscalDateEnding": "2018-12-31",
            "reportedCurrency": "USD",
            "totalRevenue": "15784000000",
            "totalOperatingExpense": "3564000000",
            "costOfRevenue": "5507000000",
            "grossProfit": "10277000000",
            "ebit": "6811000000",
            "netIncome": "5580000000",
            "researchAndDevelopment": "1559000000",
            "effectOfAccountingCharges": "None",
            "incomeBeforeTax": "6686000000",
            "minorityInterest": "None",
            "sellingGeneralAdministrative": "1684000000",
            "otherNonOperatingIncome": "98000000",
            "operatingIncome": "6713000000",
            "otherOperatingExpense": "None",
            "interestExpense": "125000000",
            "taxProvision": "1106000000",
            "interestIncome": "-125000000",
            "netInterestIncome": "-125000000",
            "extraordinaryItems": "45000000",
            "nonRecurring": "321000000",
            "otherItems": "None",
            "incomeTaxExpense": "1106000000",
            "totalOtherIncomeExpense": "-223000000",
            "discontinuedOperations": "None",
            "netIncomeFromContinuingOperations": "5580000000",
            "netIncomeApplicableToCommonShares": "5580000000",
            "preferredStockAndOtherAdjustments": "None"
        },
        {
            "fiscalDateEnding": "2017-12-31",
            "reportedCurrency": "USD",
            "totalRevenue": "14961000000",
            "totalOperatingExpense": "3531000000",
            "costOfRevenue": "5347000000",
            "grossProfit": "9614000000",
            "ebit": "6158000000",
            "netIncome": "3682000000",
            "researchAndDevelopment": "1508000000",
            "effectOfAccountingCharges": "None",
            "incomeBeforeTax": "6080000000",
            "minorityInterest": "None",
            "sellingGeneralAdministrative": "1694000000",
            "otherNonOperatingIncome": "75000000",
            "operatingIncome": "6083000000",
            "otherOperatingExpense": "None",
            "interestExpense": "78000000",
            "taxProvision": "2398000000",
            "interestIncome": "-78000000",
            "netInterestIncome": "-78000000",
            "extraordinaryItems": "-59000000",
            "nonRecurring": "329000000",
            "otherItems": "None",
            "incomeTaxExpense": "2398000000",
            "totalOtherIncomeExpense": "-373000000",
            "discontinuedOperations": "None",
            "netIncomeFromContinuingOperations": "3682000000",
            "netIncomeApplicableToCommonShares": "3682000000",
            "preferredStockAndOtherAdjustments": "None"
        },
        {
            "fiscalDateEnding": "2016-12-31",
            "reportedCurrency": "USD",
            "totalRevenue": "13370000000",
            "totalOperatingExpense": "3441000000",
            "costOfRevenue": "5130000000",
            "grossProfit": "8240000000",
            "ebit": "5010000000",
            "netIncome": "3595000000",
            "researchAndDevelopment": "1370000000",
            "effectOfAccountingCharges": "None",
            "incomeBeforeTax": "4930000000",
            "minorityInterest": "None",
            "sellingGeneralAdministrative": "1767000000",
            "otherNonOperatingIncome": "211000000",
            "operatingIncome": "4799000000",
            "otherOperatingExpense": "None",
            "interestExpense": "80000000",
            "taxProvision": "1335000000",
            "interestIncome": "8000000",
            "netInterestIncome": "-58000000",
            "extraordinaryItems": "None",
            "nonRecurring": "304000000",
            "otherItems": "None",
            "incomeTaxExpense": "1335000000",
            "totalOtherIncomeExpense": "-115000000",
            "discontinuedOperations": "None",
            "netIncomeFromContinuingOperations": "3595000000",
            "netIncomeApplicableToCommonShares": "3595000000",
            "preferredStockAndOtherAdjustments": "None"
        },
        {
            "fiscalDateEnding": "2015-12-31",
            "reportedCurrency": "USD",
            "totalRevenue": "13000000000",
            "totalOperatingExpense": "3286000000",
            "costOfRevenue": "5425000000",
            "grossProfit": "7575000000",
            "ebit": "4215000000",
            "netIncome": "2986000000",
            "researchAndDevelopment": "1267000000",
            "effectOfAccountingCharges": "None",
            "incomeBeforeTax": "4216000000",
            "minorityInterest": "None",
            "sellingGeneralAdministrative": "1728000000",
            "otherNonOperatingIncome": "32000000",
            "operatingIncome": "4322000000",
            "otherOperatingExpense": "-2000000",
            "interestExpense": "90000000",
            "taxProvision": "1230000000",
            "interestIncome": "-90000000",
            "netInterestIncome": "None",
            "extraordinaryItems": "None",
            "nonRecurring": "258000000",
            "otherItems": "None",
            "incomeTaxExpense": "1230000000",
            "totalOtherIncomeExpense": "1000000",
            "discontinuedOperations": "None",
            "netIncomeFromContinuingOperations": "2986000000",
            "netIncomeApplicableToCommonShares": "2944000000",
            "preferredStockAndOtherAdjustments": "None"
        }
    ],
    "quarterlyReports": [
        {
            "fiscalDateEnding": "2020-06-30",
            "reportedCurrency": "USD",
            "totalRevenue": "3239000000",
            "totalOperatingExpense": "854000000",
            "costOfRevenue": "1157000000",
            "grossProfit": "2082000000",
            "ebit": "1327000000",
            "netIncome": "1380000000",
            "researchAndDevelopment": "379000000",
            "effectOfAccountingCharges": "None",
            "incomeBeforeTax": "1279000000",
            "minorityInterest": "None",
            "sellingGeneralAdministrative": "401000000",
            "otherNonOperatingIncome": "99000000",
            "operatingIncome": "1228000000",
            "otherOperatingExpense": "None",
            "interestExpense": "48000000",
            "taxProvision": "-101000000",
            "interestIncome": "-48000000",
            "netInterestIncome": "-48000000",
            "extraordinaryItems": "None",
            "nonRecurring": "74000000",
            "otherItems": "None",
            "incomeTaxExpense": "-101000000",
            "totalOtherIncomeExpense": "25000000",
            "discontinuedOperations": "None",
            "netIncomeFromContinuingOperations": "1380000000",
            "netIncomeApplicableToCommonShares": "1380000000",
            "preferredStockAndOtherAdjustments": "None"
        },
        {
            "fiscalDateEnding": "2020-03-31",
            "reportedCurrency": "USD",
            "totalRevenue": "3329000000",
            "totalOperatingExpense": "844000000",
            "costOfRevenue": "1241000000",
            "grossProfit": "2088000000",
            "ebit": "1269000000",
            "netIncome": "1174000000",
            "researchAndDevelopment": "377000000",
            "effectOfAccountingCharges": "None",
            "incomeBeforeTax": "1224000000",
            "minorityInterest": "None",
            "sellingGeneralAdministrative": "417000000",
            "otherNonOperatingIncome": "25000000",
            "operatingIncome": "1244000000",
            "otherOperatingExpense": "None",
            "interestExpense": "45000000",
            "taxProvision": "50000000",
            "interestIncome": "-45000000",
            "netInterestIncome": "-45000000",
            "extraordinaryItems": "None",
            "nonRecurring": "50000000",
            "otherItems": "None",
            "incomeTaxExpense": "50000000",
            "totalOtherIncomeExpense": "-25000000",
            "discontinuedOperations": "None",
            "netIncomeFromContinuingOperations": "1174000000",
            "netIncomeApplicableToCommonShares": "1174000000",
            "preferredStockAndOtherAdjustments": "None"
        },
        {
            "fiscalDateEnding": "2019-12-31",
            "reportedCurrency": "USD",
            "totalRevenue": "3350000000",
            "totalOperatingExpense": "848000000",
            "costOfRevenue": "1253000000",
            "grossProfit": "2097000000",
            "ebit": "1302000000",
            "netIncome": "1070000000",
            "researchAndDevelopment": "386000000",
            "effectOfAccountingCharges": "None",
            "incomeBeforeTax": "1257000000",
            "minorityInterest": "None",
            "sellingGeneralAdministrative": "412000000",
            "otherNonOperatingIncome": "53000000",
            "operatingIncome": "1249000000",
            "otherOperatingExpense": "28000000",
            "interestExpense": "45000000",
            "taxProvision": "187000000",
            "interestIncome": "-45000000",
            "netInterestIncome": "-45000000",
            "extraordinaryItems": "None",
            "nonRecurring": "50000000",
            "otherItems": "None",
            "incomeTaxExpense": "187000000",
            "totalOtherIncomeExpense": "3000000",
            "discontinuedOperations": "None",
            "netIncomeFromContinuingOperations": "1070000000",
            "netIncomeApplicableToCommonShares": "1070000000",
            "preferredStockAndOtherAdjustments": "None"
        },
        {
            "fiscalDateEnding": "2019-09-30",
            "reportedCurrency": "USD",
            "totalRevenue": "3771000000",
            "totalOperatingExpense": "857000000",
            "costOfRevenue": "1325000000",
            "grossProfit": "2446000000",
            "ebit": "1623000000",
            "netIncome": "1425000000",
            "researchAndDevelopment": "379000000",
            "effectOfAccountingCharges": "None",
            "incomeBeforeTax": "1580000000",
            "minorityInterest": "None",
            "sellingGeneralAdministrative": "399000000",
            "otherNonOperatingIncome": "34000000",
            "operatingIncome": "1589000000",
            "otherOperatingExpense": "28000000",
            "interestExpense": "43000000",
            "taxProvision": "155000000",
            "interestIncome": "-43000000",
            "netInterestIncome": "-43000000",
            "extraordinaryItems": "None",
            "nonRecurring": "79000000",
            "otherItems": "None",
            "incomeTaxExpense": "155000000",
            "totalOtherIncomeExpense": "-45000000",
            "discontinuedOperations": "None",
            "netIncomeFromContinuingOperations": "1425000000",
            "netIncomeApplicableToCommonShares": "1425000000",
            "preferredStockAndOtherAdjustments": "None"
        },
        {
            "fiscalDateEnding": "2019-06-30",
            "reportedCurrency": "USD",
            "totalRevenue": "3668000000",
            "totalOperatingExpense": "854000000",
            "costOfRevenue": "1308000000",
            "grossProfit": "2360000000",
            "ebit": "1558000000",
            "netIncome": "1305000000",
            "researchAndDevelopment": "390000000",
            "effectOfAccountingCharges": "None",
            "incomeBeforeTax": "1514000000",
            "minorityInterest": "None",
            "sellingGeneralAdministrative": "420000000",
            "otherNonOperatingIncome": "52000000",
            "operatingIncome": "1506000000",
            "otherOperatingExpense": "-28000000",
            "interestExpense": "44000000",
            "taxProvision": "209000000",
            "interestIncome": "-44000000",
            "netInterestIncome": "-44000000",
            "extraordinaryItems": "None",
            "nonRecurring": "44000000",
            "otherItems": "None",
            "incomeTaxExpense": "209000000",
            "totalOtherIncomeExpense": "8000000",
            "discontinuedOperations": "None",
            "netIncomeFromContinuingOperations": "1305000000",
            "netIncomeApplicableToCommonShares": "1305000000",
            "preferredStockAndOtherAdjustments": "None"
        },
        {
            "fiscalDateEnding": "2019-03-31",
            "reportedCurrency": "USD",
            "totalRevenue": "3594000000",
            "totalOperatingExpense": "882000000",
            "costOfRevenue": "1333000000",
            "grossProfit": "2261000000",
            "ebit": "1415000000",
            "netIncome": "1217000000",
            "researchAndDevelopment": "389000000",
            "effectOfAccountingCharges": "None",
            "incomeBeforeTax": "1377000000",
            "minorityInterest": "None",
            "sellingGeneralAdministrative": "414000000",
            "otherNonOperatingIncome": "36000000",
            "operatingIncome": "1379000000",
            "otherOperatingExpense": "-28000000",
            "interestExpense": "38000000",
            "taxProvision": "160000000",
            "interestIncome": "None",
            "netInterestIncome": "-38000000",
            "extraordinaryItems": "None",
            "nonRecurring": "79000000",
            "otherItems": "None",
            "incomeTaxExpense": "160000000",
            "totalOtherIncomeExpense": "-43000000",
            "discontinuedOperations": "None",
            "netIncomeFromContinuingOperations": "1217000000",
            "netIncomeApplicableToCommonShares": "1217000000",
            "preferredStockAndOtherAdjustments": "None"
        },
        {
            "fiscalDateEnding": "2018-12-31",
            "reportedCurrency": "USD",
            "totalRevenue": "3717000000",
            "totalOperatingExpense": "891000000",
            "costOfRevenue": "1310000000",
            "grossProfit": "2407000000",
            "ebit": "1539000000",
            "netIncome": "1239000000",
            "researchAndDevelopment": "400000000",
            "effectOfAccountingCharges": "0",
            "incomeBeforeTax": "1503000000",
            "minorityInterest": "0",
            "sellingGeneralAdministrative": "414000000",
            "otherNonOperatingIncome": "23000000",
            "operatingIncome": "1516000000",
            "otherOperatingExpense": "-28000000",
            "interestExpense": "36000000",
            "taxProvision": "None",
            "interestIncome": "None",
            "netInterestIncome": "None",
            "extraordinaryItems": "0",
            "nonRecurring": "77000000",
            "otherItems": "0",
            "incomeTaxExpense": "264000000",
            "totalOtherIncomeExpense": "-19000000",
            "discontinuedOperations": "0",
            "netIncomeFromContinuingOperations": "1239000000",
            "netIncomeApplicableToCommonShares": "1239000000",
            "preferredStockAndOtherAdjustments": "None"
        },
        {
            "fiscalDateEnding": "2018-09-30",
            "reportedCurrency": "USD",
            "totalRevenue": "4261000000",
            "totalOperatingExpense": "867000000",
            "costOfRevenue": "1457000000",
            "grossProfit": "2804000000",
            "ebit": "1960000000",
            "netIncome": "1570000000",
            "researchAndDevelopment": "390000000",
            "effectOfAccountingCharges": "0",
            "incomeBeforeTax": "1924000000",
            "minorityInterest": "0",
            "sellingGeneralAdministrative": "396000000",
            "otherNonOperatingIncome": "23000000",
            "operatingIncome": "1937000000",
            "otherOperatingExpense": "-28000000",
            "interestExpense": "36000000",
            "taxProvision": "None",
            "interestIncome": "None",
            "netInterestIncome": "None",
            "extraordinaryItems": "0",
            "nonRecurring": "81000000",
            "otherItems": "0",
            "incomeTaxExpense": "354000000",
            "totalOtherIncomeExpense": "5000000",
            "discontinuedOperations": "0",
            "netIncomeFromContinuingOperations": "1570000000",
            "netIncomeApplicableToCommonShares": "1570000000",
            "preferredStockAndOtherAdjustments": "None"
        },
        {
            "fiscalDateEnding": "2018-06-30",
            "reportedCurrency": "USD",
            "totalRevenue": "4017000000",
            "totalOperatingExpense": "907000000",
            "costOfRevenue": "1398000000",
            "grossProfit": "2619000000",
            "ebit": "1736000000",
            "netIncome": "1405000000",
            "researchAndDevelopment": "384000000",
            "effectOfAccountingCharges": "0",
            "incomeBeforeTax": "1706000000",
            "minorityInterest": "0",
            "sellingGeneralAdministrative": "441000000",
            "otherNonOperatingIncome": "24000000",
            "operatingIncome": "1712000000",
            "otherOperatingExpense": "0",
            "interestExpense": "30000000",
            "taxProvision": "None",
            "interestIncome": "None",
            "netInterestIncome": "None",
            "extraordinaryItems": "0",
            "nonRecurring": "82000000",
            "otherItems": "0",
            "incomeTaxExpense": "301000000",
            "totalOtherIncomeExpense": "-9000000",
            "discontinuedOperations": "0",
            "netIncomeFromContinuingOperations": "1405000000",
            "netIncomeApplicableToCommonShares": "1405000000",
            "preferredStockAndOtherAdjustments": "None"
        },
        {
            "fiscalDateEnding": "2018-03-31",
            "reportedCurrency": "USD",
            "totalRevenue": "3789000000",
            "totalOperatingExpense": "899000000",
            "costOfRevenue": "1342000000",
            "grossProfit": "2447000000",
            "ebit": "1576000000",
            "netIncome": "1366000000",
            "researchAndDevelopment": "385000000",
            "effectOfAccountingCharges": "0",
            "incomeBeforeTax": "1553000000",
            "minorityInterest": "0",
            "sellingGeneralAdministrative": "433000000",
            "otherNonOperatingIncome": "28000000",
            "operatingIncome": "1548000000",
            "otherOperatingExpense": "0",
            "interestExpense": "23000000",
            "taxProvision": "None",
            "interestIncome": "None",
            "netInterestIncome": "None",
            "extraordinaryItems": "0",
            "nonRecurring": "81000000",
            "otherItems": "0",
            "incomeTaxExpense": "187000000",
            "totalOtherIncomeExpense": "4000000",
            "discontinuedOperations": "0",
            "netIncomeFromContinuingOperations": "1366000000",
            "netIncomeApplicableToCommonShares": "1366000000",
            "preferredStockAndOtherAdjustments": "None"
        },
        {
            "fiscalDateEnding": "2017-12-31",
            "reportedCurrency": "USD",
            "totalRevenue": "3750000000",
            "totalOperatingExpense": "877000000",
            "costOfRevenue": "1310000000",
            "grossProfit": "2440000000",
            "ebit": "1571000000",
            "netIncome": "344000000",
            "researchAndDevelopment": "386000000",
            "effectOfAccountingCharges": "0",
            "incomeBeforeTax": "1550000000",
            "minorityInterest": "0",
            "sellingGeneralAdministrative": "409000000",
            "otherNonOperatingIncome": "8000000",
            "operatingIncome": "1563000000",
            "otherOperatingExpense": "0",
            "interestExpense": "21000000",
            "taxProvision": "None",
            "interestIncome": "None",
            "netInterestIncome": "None",
            "extraordinaryItems": "0",
            "nonRecurring": "82000000",
            "otherItems": "0",
            "incomeTaxExpense": "1206000000",
            "totalOtherIncomeExpense": "47000000",
            "discontinuedOperations": "0",
            "netIncomeFromContinuingOperations": "344000000",
            "netIncomeApplicableToCommonShares": "344000000",
            "preferredStockAndOtherAdjustments": "None"
        },
        {
            "fiscalDateEnding": "2017-09-30",
            "reportedCurrency": "USD",
            "totalRevenue": "4116000000",
            "totalOperatingExpense": "868000000",
            "costOfRevenue": "1460000000",
            "grossProfit": "2656000000",
            "ebit": "1808000000",
            "netIncome": "1285000000",
            "researchAndDevelopment": "375000000",
            "effectOfAccountingCharges": "0",
            "incomeBeforeTax": "1789000000",
            "minorityInterest": "0",
            "sellingGeneralAdministrative": "412000000",
            "otherNonOperatingIncome": "20000000",
            "operatingIncome": "1788000000",
            "otherOperatingExpense": "0",
            "interestExpense": "19000000",
            "taxProvision": "None",
            "interestIncome": "None",
            "netInterestIncome": "None",
            "extraordinaryItems": "0",
            "nonRecurring": "81000000",
            "otherItems": "0",
            "incomeTaxExpense": "504000000",
            "totalOtherIncomeExpense": "0",
            "discontinuedOperations": "0",
            "netIncomeFromContinuingOperations": "1285000000",
            "netIncomeApplicableToCommonShares": "1285000000",
            "preferredStockAndOtherAdjustments": "None"
        },
        {
            "fiscalDateEnding": "2017-06-30",
            "reportedCurrency": "USD",
            "totalRevenue": "3693000000",
            "totalOperatingExpense": "894000000",
            "costOfRevenue": "1319000000",
            "grossProfit": "2374000000",
            "ebit": "1506000000",
            "netIncome": "1056000000",
            "researchAndDevelopment": "378000000",
            "effectOfAccountingCharges": "0",
            "incomeBeforeTax": "1486000000",
            "minorityInterest": "0",
            "sellingGeneralAdministrative": "434000000",
            "otherNonOperatingIncome": "26000000",
            "operatingIncome": "1480000000",
            "otherOperatingExpense": "0",
            "interestExpense": "20000000",
            "taxProvision": "None",
            "interestIncome": "None",
            "netInterestIncome": "None",
            "extraordinaryItems": "0",
            "nonRecurring": "82000000",
            "otherItems": "0",
            "incomeTaxExpense": "430000000",
            "totalOtherIncomeExpense": "0",
            "discontinuedOperations": "0",
            "netIncomeFromContinuingOperations": "1056000000",
            "netIncomeApplicableToCommonShares": "1056000000",
            "preferredStockAndOtherAdjustments": "None"
        },
        {
            "fiscalDateEnding": "2017-03-31",
            "reportedCurrency": "USD",
            "totalRevenue": "3402000000",
            "totalOperatingExpense": "892000000",
            "costOfRevenue": "1258000000",
            "grossProfit": "2144000000",
            "ebit": "1273000000",
            "netIncome": "997000000",
            "researchAndDevelopment": "369000000",
            "effectOfAccountingCharges": "0",
            "incomeBeforeTax": "1255000000",
            "minorityInterest": "0",
            "sellingGeneralAdministrative": "439000000",
            "otherNonOperatingIncome": "21000000",
            "operatingIncome": "1252000000",
            "otherOperatingExpense": "0",
            "interestExpense": "18000000",
            "taxProvision": "None",
            "interestIncome": "None",
            "netInterestIncome": "None",
            "extraordinaryItems": "0",
            "nonRecurring": "84000000",
            "otherItems": "0",
            "incomeTaxExpense": "258000000",
            "totalOtherIncomeExpense": "0",
            "discontinuedOperations": "0",
            "netIncomeFromContinuingOperations": "997000000",
            "netIncomeApplicableToCommonShares": "997000000",
            "preferredStockAndOtherAdjustments": "None"
        },
        {
            "fiscalDateEnding": "2016-12-31",
            "reportedCurrency": "USD",
            "totalRevenue": "3414000000",
            "totalOperatingExpense": "814000000",
            "costOfRevenue": "1281000000",
            "grossProfit": "2133000000",
            "ebit": "1516000000",
            "netIncome": "1180000000",
            "researchAndDevelopment": "343000000",
            "effectOfAccountingCharges": "0",
            "incomeBeforeTax": "1497000000",
            "minorityInterest": "0",
            "sellingGeneralAdministrative": "411000000",
            "otherNonOperatingIncome": "197000000",
            "operatingIncome": "1319000000",
            "otherOperatingExpense": "0",
            "interestExpense": "19000000",
            "taxProvision": "None",
            "interestIncome": "None",
            "netInterestIncome": "None",
            "extraordinaryItems": "0",
            "nonRecurring": "60000000",
            "otherItems": "0",
            "incomeTaxExpense": "317000000",
            "totalOtherIncomeExpense": "146000000",
            "discontinuedOperations": "0",
            "netIncomeFromContinuingOperations": "1180000000",
            "netIncomeApplicableToCommonShares": "1180000000",
            "preferredStockAndOtherAdjustments": "None"
        },
        {
            "fiscalDateEnding": "2016-09-30",
            "reportedCurrency": "USD",
            "totalRevenue": "3675000000",
            "totalOperatingExpense": "885000000",
            "costOfRevenue": "1395000000",
            "grossProfit": "2280000000",
            "ebit": "1399000000",
            "netIncome": "968000000",
            "researchAndDevelopment": "356000000",
            "effectOfAccountingCharges": "0",
            "incomeBeforeTax": "1381000000",
            "minorityInterest": "0",
            "sellingGeneralAdministrative": "448000000",
            "otherNonOperatingIncome": "4000000",
            "operatingIncome": "1395000000",
            "otherOperatingExpense": "0",
            "interestExpense": "18000000",
            "taxProvision": "None",
            "interestIncome": "None",
            "netInterestIncome": "None",
            "extraordinaryItems": "0",
            "nonRecurring": "81000000",
            "otherItems": "0",
            "incomeTaxExpense": "413000000",
            "totalOtherIncomeExpense": "0",
            "discontinuedOperations": "0",
            "netIncomeFromContinuingOperations": "968000000",
            "netIncomeApplicableToCommonShares": "968000000",
            "preferredStockAndOtherAdjustments": "None"
        },
        {
            "fiscalDateEnding": "2016-06-30",
            "reportedCurrency": "USD",
            "totalRevenue": "3273000000",
            "totalOperatingExpense": "886000000",
            "costOfRevenue": "1270000000",
            "grossProfit": "2003000000",
            "ebit": "1123000000",
            "netIncome": "779000000",
            "researchAndDevelopment": "345000000",
            "effectOfAccountingCharges": "0",
            "incomeBeforeTax": "1102000000",
            "minorityInterest": "0",
            "sellingGeneralAdministrative": "460000000",
            "otherNonOperatingIncome": "6000000",
            "operatingIncome": "1117000000",
            "otherOperatingExpense": "0",
            "interestExpense": "21000000",
            "taxProvision": "None",
            "interestIncome": "None",
            "netInterestIncome": "None",
            "extraordinaryItems": "0",
            "nonRecurring": "81000000",
            "otherItems": "0",
            "incomeTaxExpense": "323000000",
            "totalOtherIncomeExpense": "0",
            "discontinuedOperations": "0",
            "netIncomeFromContinuingOperations": "779000000",
            "netIncomeApplicableToCommonShares": "779000000",
            "preferredStockAndOtherAdjustments": "None"
        },
        {
            "fiscalDateEnding": "2016-03-31",
            "reportedCurrency": "USD",
            "totalRevenue": "3008000000",
            "totalOperatingExpense": "856000000",
            "costOfRevenue": "1184000000",
            "grossProfit": "1824000000",
            "ebit": "972000000",
            "netIncome": "668000000",
            "researchAndDevelopment": "326000000",
            "effectOfAccountingCharges": "0",
            "incomeBeforeTax": "950000000",
            "minorityInterest": "0",
            "sellingGeneralAdministrative": "448000000",
            "otherNonOperatingIncome": "4000000",
            "operatingIncome": "968000000",
            "otherOperatingExpense": "0",
            "interestExpense": "22000000",
            "taxProvision": "None",
            "interestIncome": "None",
            "netInterestIncome": "None",
            "extraordinaryItems": "0",
            "nonRecurring": "82000000",
            "otherItems": "0",
            "incomeTaxExpense": "282000000",
            "totalOtherIncomeExpense": "0",
            "discontinuedOperations": "0",
            "netIncomeFromContinuingOperations": "668000000",
            "netIncomeApplicableToCommonShares": "668000000",
            "preferredStockAndOtherAdjustments": "None"
        },
        {
            "fiscalDateEnding": "2015-12-31",
            "reportedCurrency": "USD",
            "totalRevenue": "3189000000",
            "totalOperatingExpense": "724000000",
            "costOfRevenue": "1323000000",
            "grossProfit": "1866000000",
            "ebit": "1161000000",
            "netIncome": "836000000",
            "researchAndDevelopment": "306000000",
            "effectOfAccountingCharges": "0",
            "incomeBeforeTax": "1139000000",
            "minorityInterest": "0",
            "sellingGeneralAdministrative": "405000000",
            "otherNonOperatingIncome": "19000000",
            "operatingIncome": "1076000000",
            "otherOperatingExpense": "-2000000",
            "interestExpense": "22000000",
            "taxProvision": "None",
            "interestIncome": "None",
            "netInterestIncome": "None",
            "extraordinaryItems": "0",
            "nonRecurring": "13000000",
            "otherItems": "0",
            "incomeTaxExpense": "303000000",
            "totalOtherIncomeExpense": "1000000",
            "discontinuedOperations": "0",
            "netIncomeFromContinuingOperations": "836000000",
            "netIncomeApplicableToCommonShares": "836000000",
            "preferredStockAndOtherAdjustments": "None"
        },
        {
            "fiscalDateEnding": "2015-09-30",
            "reportedCurrency": "USD",
            "totalRevenue": "3429000000",
            "totalOperatingExpense": "833000000",
            "costOfRevenue": "1432000000",
            "grossProfit": "1997000000",
            "ebit": "1170000000",
            "netIncome": "798000000",
            "researchAndDevelopment": "316000000",
            "effectOfAccountingCharges": "0",
            "incomeBeforeTax": "1148000000",
            "minorityInterest": "0",
            "sellingGeneralAdministrative": "434000000",
            "otherNonOperatingIncome": "6000000",
            "operatingIncome": "1164000000",
            "otherOperatingExpense": "0",
            "interestExpense": "22000000",
            "taxProvision": "None",
            "interestIncome": "None",
            "netInterestIncome": "None",
            "extraordinaryItems": "0",
            "nonRecurring": "83000000",
            "otherItems": "0",
            "incomeTaxExpense": "350000000",
            "totalOtherIncomeExpense": "0",
            "discontinuedOperations": "0",
            "netIncomeFromContinuingOperations": "798000000",
            "netIncomeApplicableToCommonShares": "798000000",
            "preferredStockAndOtherAdjustments": "None"
        },
        {
            "fiscalDateEnding": "2015-06-30",
            "reportedCurrency": "USD",
            "totalRevenue": "3232000000",
            "totalOperatingExpense": "871000000",
            "costOfRevenue": "1351000000",
            "grossProfit": "1881000000",
            "ebit": "1013000000",
            "netIncome": "696000000",
            "researchAndDevelopment": "320000000",
            "effectOfAccountingCharges": "0",
            "incomeBeforeTax": "989000000",
            "minorityInterest": "0",
            "sellingGeneralAdministrative": "470000000",
            "otherNonOperatingIncome": "3000000",
            "operatingIncome": "1010000000",
            "otherOperatingExpense": "0",
            "interestExpense": "24000000",
            "taxProvision": "None",
            "interestIncome": "None",
            "netInterestIncome": "None",
            "extraordinaryItems": "0",
            "nonRecurring": "81000000",
            "otherItems": "0",
            "incomeTaxExpense": "293000000",
            "totalOtherIncomeExpense": "0",
            "discontinuedOperations": "0",
            "netIncomeFromContinuingOperations": "696000000",
            "netIncomeApplicableToCommonShares": "696000000",
            "preferredStockAndOtherAdjustments": "None"
        }
    ]
}