{
    "symbol": "V",
    "annualReports": [
        {
            "fiscalDateEnding": "2019-09-30",
            "reportedCurrency": "USD",
            "totalRevenue": "22977000000",
            "totalOperatingExpense": "7976000000",
            "costOfRevenue": "4165000000",
            "grossProfit": "22977000000",
            "ebit": "15417000000",
            "netIncome": "12080000000",
            "researchAndDevelopment": "None",
            "effectOfAccountingCharges": "None",
            "incomeBeforeTax": "14884000000",
            "minorityInterest": "None",
            "sellingGeneralAdministrative": "7320000000",
            "otherNonOperatingIncome": "416000000",
            "operatingIncome": "15001000000",
            "otherOperatingExpense": "656000000",
            "interestExpense": "533000000",
            "taxProvision": "2804000000",
            "interestIncome": "-533000000",
            "netInterestIncome": "-533000000",
            "extraordinaryItems": "None",
            "nonRecurring": "None",
            "otherItems": "None",
            "incomeTaxExpense": "2804000000",
            "totalOtherIncomeExpense": "16000000",
            "discontinuedOperations": "None",
            "netIncomeFromContinuingOperations": "12080000000",
            "netIncomeApplicableToCommonShares": "12080000000",
            "preferredStockAndOtherAdjustments": "None"
        },
        {
            "fiscalDateEnding": "2018-09-30",
            "reportedCurrency": "USD",
            "totalRevenue": "20609000000",
            "totalOperatingExpense": "7655000000",
            "costOfRevenue": "3856000000",
            "grossProfit": "20609000000",
            "ebit": "13418000000",
            "netIncome": "10301000000",
            "researchAndDevelopment": "0",
            "effectOfAccountingCharges": "None",
            "incomeBeforeTax": "12806000000",
            "minorityInterest": "None",
            "sellingGeneralAdministrative": "7042000000",
            "otherNonOperatingIncome": "464000000",
            "operatingIncome": "12954000000",
            "otherOperatingExpense": "613000000",
            "interestExpense": "612000000",
            "taxProvision": "2505000000",
            "interestIncome": "-612000000",
            "netInterestIncome": "-612000000",
            "extraordinaryItems": "-14000000",
            "nonRecurring": "None",
            "otherItems": "None",
            "incomeTaxExpense": "2505000000",
            "totalOtherIncomeExpense": "-143000000",
            "discontinuedOperations": "None",
            "netIncomeFromContinuingOperations": "10301000000",
            "netIncomeApplicableToCommonShares": "10301000000",
            "preferredStockAndOtherAdjustments": "None"
        },
        {
            "fiscalDateEnding": "2017-09-30",
            "reportedCurrency": "USD",
            "totalRevenue": "18358000000",
            "totalOperatingExpense": "6214000000",
            "costOfRevenue": "3248000000",
            "grossProfit": "18358000000",
            "ebit": "12257000000",
            "netIncome": "6699000000",
            "researchAndDevelopment": "0",
            "effectOfAccountingCharges": "None",
            "incomeBeforeTax": "11694000000",
            "minorityInterest": "None",
            "sellingGeneralAdministrative": "5658000000",
            "otherNonOperatingIncome": "113000000",
            "operatingIncome": "12144000000",
            "otherOperatingExpense": "556000000",
            "interestExpense": "563000000",
            "taxProvision": "4995000000",
            "interestIncome": "-563000000",
            "netInterestIncome": "-563000000",
            "extraordinaryItems": "None",
            "nonRecurring": "19000000",
            "otherItems": "None",
            "incomeTaxExpense": "4995000000",
            "totalOtherIncomeExpense": "94000000",
            "discontinuedOperations": "None",
            "netIncomeFromContinuingOperations": "6699000000",
            "netIncomeApplicableToCommonShares": "6699000000",
            "preferredStockAndOtherAdjustments": "None"
        },
        {
            "fiscalDateEnding": "2016-09-30",
            "reportedCurrency": "USD",
            "totalRevenue": "15082000000",
            "totalOperatingExpense": "7199000000",
            "costOfRevenue": "2764000000",
            "grossProfit": "15082000000",
            "ebit": "8439000000",
            "netIncome": "5991000000",
            "researchAndDevelopment": "0",
            "effectOfAccountingCharges": "None",
            "incomeBeforeTax": "8012000000",
            "minorityInterest": "None",
            "sellingGeneralAdministrative": "6697000000",
            "otherNonOperatingIncome": "556000000",
            "operatingIncome": "7883000000",
            "otherOperatingExpense": "502000000",
            "interestExpense": "427000000",
            "taxProvision": "2021000000",
            "interestIncome": "-427000000",
            "netInterestIncome": "-427000000",
            "extraordinaryItems": "None",
            "nonRecurring": "2000000",
            "otherItems": "None",
            "incomeTaxExpense": "2021000000",
            "totalOtherIncomeExpense": "-1323000000",
            "discontinuedOperations": "None",
            "netIncomeFromContinuingOperations": "5991000000",
            "netIncomeApplicableToCommonShares": "5991000000",
            "preferredStockAndOtherAdjustments": "None"
        },
        {
            "fiscalDateEnding": "2015-09-30",
            "reportedCurrency": "USD",
            "totalRevenue": "13880000000",
            "totalOperatingExpense": "4816000000",
            "costOfRevenue": "2553000000",
            "grossProfit": "13880000000",
            "ebit": "8995000000",
            "netIncome": "6328000000",
            "researchAndDevelopment": "0",
            "effectOfAccountingCharges": "None",
            "incomeBeforeTax": "8995000000",
            "minorityInterest": "None",
            "sellingGeneralAdministrative": "4322000000",
            "otherNonOperatingIncome": "-69000000",
            "operatingIncome": "9064000000",
            "otherOperatingExpense": "494000000",
            "interestExpense": "-3000000",
            "taxProvision": "2667000000",
            "interestIncome": "None",
            "netInterestIncome": "None",
            "extraordinaryItems": "None",
            "nonRecurring": "14000000",
            "otherItems": "None",
            "incomeTaxExpense": "2667000000",
            "totalOtherIncomeExpense": "-83000000",
            "discontinuedOperations": "None",
            "netIncomeFromContinuingOperations": "6328000000",
            "netIncomeApplicableToCommonShares": "6328000000",
            "preferredStockAndOtherAdjustments": "None"
        }
    ],
    "quarterlyReports": [
        {
            "fiscalDateEnding": "2020-06-30",
            "reportedCurrency": "USD",
            "totalRevenue": "4837000000",
            "totalOperatingExpense": "1838000000",
            "costOfRevenue": "1113000000",
            "grossProfit": "3724000000",
            "ebit": "3271000000",
            "netIncome": "2373000000",
            "researchAndDevelopment": "None",
            "effectOfAccountingCharges": "None",
            "incomeBeforeTax": "2932000000",
            "minorityInterest": "None",
            "sellingGeneralAdministrative": "527000000",
            "otherNonOperatingIncome": "75000000",
            "operatingIncome": "2999000000",
            "otherOperatingExpense": "197000000",
            "interestExpense": "142000000",
            "taxProvision": "559000000",
            "interestIncome": "-142000000",
            "netInterestIncome": "-142000000",
            "extraordinaryItems": "None",
            "nonRecurring": "None",
            "otherItems": "None",
            "incomeTaxExpense": "559000000",
            "totalOtherIncomeExpense": "74000000",
            "discontinuedOperations": "None",
            "netIncomeFromContinuingOperations": "2373000000",
            "netIncomeApplicableToCommonShares": "2288000000",
            "preferredStockAndOtherAdjustments": "None"
        },
        {
            "fiscalDateEnding": "2020-03-31",
            "reportedCurrency": "USD",
            "totalRevenue": "5854000000",
            "totalOperatingExpense": "1930000000",
            "costOfRevenue": "1123000000",
            "grossProfit": "4731000000",
            "ebit": "4139000000",
            "netIncome": "3084000000",
            "researchAndDevelopment": "None",
            "effectOfAccountingCharges": "None",
            "incomeBeforeTax": "3829000000",
            "minorityInterest": "None",
            "sellingGeneralAdministrative": "607000000",
            "otherNonOperatingIncome": "23000000",
            "operatingIncome": "3924000000",
            "otherOperatingExpense": "192000000",
            "interestExpense": "118000000",
            "taxProvision": "745000000",
            "interestIncome": "-118000000",
            "netInterestIncome": "-118000000",
            "extraordinaryItems": "None",
            "nonRecurring": "None",
            "otherItems": "None",
            "incomeTaxExpense": "745000000",
            "totalOtherIncomeExpense": "15000000",
            "discontinuedOperations": "None",
            "netIncomeFromContinuingOperations": "3084000000",
            "netIncomeApplicableToCommonShares": "2973000000",
            "preferredStockAndOtherAdjustments": "None"
        },
        {
            "fiscalDateEnding": "2019-12-31",
            "reportedCurrency": "USD",
            "totalRevenue": "6054000000",
            "totalOperatingExpense": "2038000000",
            "costOfRevenue": "1163000000",
            "grossProfit": "4891000000",
            "ebit": "4198000000",
            "netIncome": "3272000000",
            "researchAndDevelopment": "None",
            "effectOfAccountingCharges": "None",
            "incomeBeforeTax": "3974000000",
            "minorityInterest": "None",
            "sellingGeneralAdministrative": "693000000",
            "otherNonOperatingIncome": "69000000",
            "operatingIncome": "4016000000",
            "otherOperatingExpense": "182000000",
            "interestExpense": "111000000",
            "taxProvision": "702000000",
            "interestIncome": "-111000000",
            "netInterestIncome": "-111000000",
            "extraordinaryItems": "None",
            "nonRecurring": "None",
            "otherItems": "None",
            "incomeTaxExpense": "702000000",
            "totalOtherIncomeExpense": "69000000",
            "discontinuedOperations": "None",
            "netIncomeFromContinuingOperations": "3272000000",
            "netIncomeApplicableToCommonShares": "3154000000",
            "preferredStockAndOtherAdjustments": "None"
        },
        {
            "fiscalDateEnding": "2019-09-30",
            "reportedCurrency": "USD",
            "totalRevenue": "6137000000",
            "totalOperatingExpense": "2032000000",
            "costOfRevenue": "1064000000",
            "grossProfit": "5073000000",
            "ebit": "3987000000",
            "netIncome": "3025000000",
            "researchAndDevelopment": "None",
            "effectOfAccountingCharges": "None",
            "incomeBeforeTax": "3711000000",
            "minorityInterest": "None",
            "sellingGeneralAdministrative": "796000000",
            "otherNonOperatingIncome": "96000000",
            "operatingIncome": "4105000000",
            "otherOperatingExpense": "172000000",
            "interestExpense": "120000000",
            "taxProvision": "686000000",
            "interestIncome": "-120000000",
            "netInterestIncome": "-120000000",
            "extraordinaryItems": "None",
            "nonRecurring": "None",
            "otherItems": "None",
            "incomeTaxExpense": "686000000",
            "totalOtherIncomeExpense": "-274000000",
            "discontinuedOperations": "None",
            "netIncomeFromContinuingOperations": "3025000000",
            "netIncomeApplicableToCommonShares": "2916000000",
            "preferredStockAndOtherAdjustments": "None"
        },
        {
            "fiscalDateEnding": "2019-06-30",
            "reportedCurrency": "USD",
            "totalRevenue": "5840000000",
            "totalOperatingExpense": "1932000000",
            "costOfRevenue": "1056000000",
            "grossProfit": "4784000000",
            "ebit": "4159000000",
            "netIncome": "3101000000",
            "researchAndDevelopment": "None",
            "effectOfAccountingCharges": "None",
            "incomeBeforeTax": "3866000000",
            "minorityInterest": "None",
            "sellingGeneralAdministrative": "710000000",
            "otherNonOperatingIncome": "86000000",
            "operatingIncome": "3908000000",
            "otherOperatingExpense": "165000000",
            "interestExpense": "128000000",
            "taxProvision": "765000000",
            "interestIncome": "-128000000",
            "netInterestIncome": "-128000000",
            "extraordinaryItems": "None",
            "nonRecurring": "None",
            "otherItems": "None",
            "incomeTaxExpense": "765000000",
            "totalOtherIncomeExpense": "85000000",
            "discontinuedOperations": "None",
            "netIncomeFromContinuingOperations": "3101000000",
            "netIncomeApplicableToCommonShares": "3101000000",
            "preferredStockAndOtherAdjustments": "None"
        },
        {
            "fiscalDateEnding": "2019-03-31",
            "reportedCurrency": "USD",
            "totalRevenue": "5494000000",
            "totalOperatingExpense": "1853000000",
            "costOfRevenue": "1065000000",
            "grossProfit": "5494000000",
            "ebit": "3817000000",
            "netIncome": "2977000000",
            "researchAndDevelopment": "None",
            "effectOfAccountingCharges": "None",
            "incomeBeforeTax": "3677000000",
            "minorityInterest": "None",
            "sellingGeneralAdministrative": "1693000000",
            "otherNonOperatingIncome": "176000000",
            "operatingIncome": "3641000000",
            "otherOperatingExpense": "160000000",
            "interestExpense": "140000000",
            "taxProvision": "700000000",
            "interestIncome": "-140000000",
            "netInterestIncome": "-140000000",
            "extraordinaryItems": "None",
            "nonRecurring": "None",
            "otherItems": "None",
            "incomeTaxExpense": "700000000",
            "totalOtherIncomeExpense": "154000000",
            "discontinuedOperations": "None",
            "netIncomeFromContinuingOperations": "2977000000",
            "netIncomeApplicableToCommonShares": "2977000000",
            "preferredStockAndOtherAdjustments": "None"
        },
        {
            "fiscalDateEnding": "2018-12-31",
            "reportedCurrency": "USD",
            "totalRevenue": "5506000000",
            "totalOperatingExpense": "1789000000",
            "costOfRevenue": "173000000",
            "grossProfit": "5506000000",
            "ebit": "3775000000",
            "netIncome": "2977000000",
            "researchAndDevelopment": "0",
            "effectOfAccountingCharges": "None",
            "incomeBeforeTax": "3630000000",
            "minorityInterest": "None",
            "sellingGeneralAdministrative": "1630000000",
            "otherNonOperatingIncome": "58000000",
            "operatingIncome": "3717000000",
            "otherOperatingExpense": "159000000",
            "interestExpense": "145000000",
            "taxProvision": "None",
            "interestIncome": "None",
            "netInterestIncome": "None",
            "extraordinaryItems": "None",
            "nonRecurring": "None",
            "otherItems": "None",
            "incomeTaxExpense": "653000000",
            "totalOtherIncomeExpense": "-94000000",
            "discontinuedOperations": "None",
            "netIncomeFromContinuingOperations": "2977000000",
            "netIncomeApplicableToCommonShares": "2977000000",
            "preferredStockAndOtherAdjustments": "None"
        },
        {
            "fiscalDateEnding": "2018-09-30",
            "reportedCurrency": "USD",
            "totalRevenue": "5434000000",
            "totalOperatingExpense": "2028000000",
            "costOfRevenue": "188000000",
            "grossProfit": "5434000000",
            "ebit": "3688000000",
            "netIncome": "2845000000",
            "researchAndDevelopment": "0",
            "effectOfAccountingCharges": "0",
            "incomeBeforeTax": "3538000000",
            "minorityInterest": "0",
            "sellingGeneralAdministrative": "1865000000",
            "otherNonOperatingIncome": "282000000",
            "operatingIncome": "3406000000",
            "otherOperatingExpense": "163000000",
            "interestExpense": "150000000",
            "taxProvision": "None",
            "interestIncome": "None",
            "netInterestIncome": "None",
            "extraordinaryItems": "0",
            "nonRecurring": "0",
            "otherItems": "0",
            "incomeTaxExpense": "693000000",
            "totalOtherIncomeExpense": "125000000",
            "discontinuedOperations": "0",
            "netIncomeFromContinuingOperations": "2845000000",
            "netIncomeApplicableToCommonShares": "2845000000",
            "preferredStockAndOtherAdjustments": "None"
        },
        {
            "fiscalDateEnding": "2018-06-30",
            "reportedCurrency": "USD",
            "totalRevenue": "5240000000",
            "totalOperatingExpense": "2355000000",
            "costOfRevenue": "169000000",
            "grossProfit": "5240000000",
            "ebit": "2967000000",
            "netIncome": "2329000000",
            "researchAndDevelopment": "0",
            "effectOfAccountingCharges": "0",
            "incomeBeforeTax": "2812000000",
            "minorityInterest": "0",
            "sellingGeneralAdministrative": "2203000000",
            "otherNonOperatingIncome": "82000000",
            "operatingIncome": "2885000000",
            "otherOperatingExpense": "152000000",
            "interestExpense": "155000000",
            "taxProvision": "None",
            "interestIncome": "None",
            "netInterestIncome": "None",
            "extraordinaryItems": "0",
            "nonRecurring": "0",
            "otherItems": "0",
            "incomeTaxExpense": "483000000",
            "totalOtherIncomeExpense": "-673000000",
            "discontinuedOperations": "0",
            "netIncomeFromContinuingOperations": "2329000000",
            "netIncomeApplicableToCommonShares": "2329000000",
            "preferredStockAndOtherAdjustments": "None"
        },
        {
            "fiscalDateEnding": "2018-03-31",
            "reportedCurrency": "USD",
            "totalRevenue": "5073000000",
            "totalOperatingExpense": "1737000000",
            "costOfRevenue": "1584000000",
            "grossProfit": "5073000000",
            "ebit": "3370000000",
            "netIncome": "2605000000",
            "researchAndDevelopment": "0",
            "effectOfAccountingCharges": "0",
            "incomeBeforeTax": "3217000000",
            "minorityInterest": "0",
            "sellingGeneralAdministrative": "1584000000",
            "otherNonOperatingIncome": "34000000",
            "operatingIncome": "3336000000",
            "otherOperatingExpense": "153000000",
            "interestExpense": "153000000",
            "taxProvision": "None",
            "interestIncome": "None",
            "netInterestIncome": "None",
            "extraordinaryItems": "0",
            "nonRecurring": "0",
            "otherItems": "0",
            "incomeTaxExpense": "612000000",
            "totalOtherIncomeExpense": "-119000000",
            "discontinuedOperations": "0",
            "netIncomeFromContinuingOperations": "2605000000",
            "netIncomeApplicableToCommonShares": "2605000000",
            "preferredStockAndOtherAdjustments": "None"
        },
        {
            "fiscalDateEnding": "2017-12-31",
            "reportedCurrency": "USD",
            "totalRevenue": "4862000000",
            "totalOperatingExpense": "1535000000",
            "costOfRevenue": "1390000000",
            "grossProfit": "4862000000",
            "ebit": "3393000000",
            "netIncome": "2522000000",
            "researchAndDevelopment": "0",
            "effectOfAccountingCharges": "0",
            "incomeBeforeTax": "3239000000",
            "minorityInterest": "0",
            "sellingGeneralAdministrative": "1390000000",
            "otherNonOperatingIncome": "66000000",
            "operatingIncome": "3327000000",
            "otherOperatingExpense": "145000000",
            "interestExpense": "154000000",
            "taxProvision": "None",
            "interestIncome": "None",
            "netInterestIncome": "None",
            "extraordinaryItems": "0",
            "nonRecurring": "0",
            "otherItems": "0",
            "incomeTaxExpense": "717000000",
            "totalOtherIncomeExpense": "-88000000",
            "discontinuedOperations": "0",
            "netIncomeFromContinuingOperations": "2522000000",
            "netIncomeApplicableToCommonShares": "2522000000",
            "preferredStockAndOtherAdjustments": "None"
        },
        {
            "fiscalDateEnding": "2017-09-30",
            "reportedCurrency": "USD",
            "totalRevenue": "4855000000",
            "totalOperatingExpense": "1643000000",
            "costOfRevenue": "1494000000",
            "grossProfit": "4855000000",
            "ebit": "3247000000",
            "netIncome": "2140000000",
            "researchAndDevelopment": "0",
            "effectOfAccountingCharges": "0",
            "incomeBeforeTax": "3099000000",
            "minorityInterest": "0",
            "sellingGeneralAdministrative": "1496000000",
            "otherNonOperatingIncome": "35000000",
            "operatingIncome": "3212000000",
            "otherOperatingExpense": "147000000",
            "interestExpense": "148000000",
            "taxProvision": "None",
            "interestIncome": "None",
            "netInterestIncome": "None",
            "extraordinaryItems": "0",
            "nonRecurring": "-22000000",
            "otherItems": "0",
            "incomeTaxExpense": "959000000",
            "totalOtherIncomeExpense": "-559000000",
            "discontinuedOperations": "0",
            "netIncomeFromContinuingOperations": "2140000000",
            "netIncomeApplicableToCommonShares": "2140000000",
            "preferredStockAndOtherAdjustments": "None"
        },
        {
            "fiscalDateEnding": "2017-06-30",
            "reportedCurrency": "USD",
            "totalRevenue": "4565000000",
            "totalOperatingExpense": "1541000000",
            "costOfRevenue": "1409000000",
            "grossProfit": "4565000000",
            "ebit": "3054000000",
            "netIncome": "2059000000",
            "researchAndDevelopment": "0",
            "effectOfAccountingCharges": "0",
            "incomeBeforeTax": "2914000000",
            "minorityInterest": "0",
            "sellingGeneralAdministrative": "1409000000",
            "otherNonOperatingIncome": "30000000",
            "operatingIncome": "3024000000",
            "otherOperatingExpense": "132000000",
            "interestExpense": "140000000",
            "taxProvision": "None",
            "interestIncome": "None",
            "netInterestIncome": "None",
            "extraordinaryItems": "0",
            "nonRecurring": "84000000",
            "otherItems": "0",
            "incomeTaxExpense": "855000000",
            "totalOtherIncomeExpense": "-4000000",
            "discontinuedOperations": "0",
            "netIncomeFromContinuingOperations": "2059000000",
            "netIncomeApplicableToCommonShares": "2059000000",
            "preferredStockAndOtherAdjustments": "None"
        },
        {
            "fiscalDateEnding": "2017-03-31",
            "reportedCurrency": "USD",
            "totalRevenue": "4477000000",
            "totalOperatingExpense": "1669000000",
            "costOfRevenue": "1344000000",
            "grossProfit": "4477000000",
            "ebit": "2837000000",
            "netIncome": "430000000",
            "researchAndDevelopment": "0",
            "effectOfAccountingCharges": "0",
            "incomeBeforeTax": "2702000000",
            "minorityInterest": "0",
            "sellingGeneralAdministrative": "1538000000",
            "otherNonOperatingIncome": "29000000",
            "operatingIncome": "2808000000",
            "otherOperatingExpense": "131000000",
            "interestExpense": "135000000",
            "taxProvision": "None",
            "interestIncome": "None",
            "netInterestIncome": "None",
            "extraordinaryItems": "0",
            "nonRecurring": "-58000000",
            "otherItems": "0",
            "incomeTaxExpense": "2272000000",
            "totalOtherIncomeExpense": "15000000",
            "discontinuedOperations": "0",
            "netIncomeFromContinuingOperations": "430000000",
            "netIncomeApplicableToCommonShares": "430000000",
            "preferredStockAndOtherAdjustments": "None"
        },
        {
            "fiscalDateEnding": "2016-12-31",
            "reportedCurrency": "USD",
            "totalRevenue": "4461000000",
            "totalOperatingExpense": "1361000000",
            "costOfRevenue": "1200000000",
            "grossProfit": "4461000000",
            "ebit": "3119000000",
            "netIncome": "2070000000",
            "researchAndDevelopment": "0",
            "effectOfAccountingCharges": "0",
            "incomeBeforeTax": "2979000000",
            "minorityInterest": "0",
            "sellingGeneralAdministrative": "1215000000",
            "otherNonOperatingIncome": "19000000",
            "operatingIncome": "3100000000",
            "otherOperatingExpense": "146000000",
            "interestExpense": "140000000",
            "taxProvision": "None",
            "interestIncome": "None",
            "netInterestIncome": "None",
            "extraordinaryItems": "0",
            "nonRecurring": "15000000",
            "otherItems": "0",
            "incomeTaxExpense": "909000000",
            "totalOtherIncomeExpense": "-121000000",
            "discontinuedOperations": "0",
            "netIncomeFromContinuingOperations": "2070000000",
            "netIncomeApplicableToCommonShares": "2070000000",
            "preferredStockAndOtherAdjustments": "None"
        },
        {
            "fiscalDateEnding": "2016-09-30",
            "reportedCurrency": "USD",
            "totalRevenue": "4261000000",
            "totalOperatingExpense": "1636000000",
            "costOfRevenue": "1384000000",
            "grossProfit": "4261000000",
            "ebit": "2645000000",
            "netIncome": "1931000000",
            "researchAndDevelopment": "0",
            "effectOfAccountingCharges": "0",
            "incomeBeforeTax": "2510000000",
            "minorityInterest": "0",
            "sellingGeneralAdministrative": "1495000000",
            "otherNonOperatingIncome": "20000000",
            "operatingIncome": "2736000000",
            "otherOperatingExpense": "141000000",
            "interestExpense": "135000000",
            "taxProvision": "None",
            "interestIncome": "None",
            "netInterestIncome": "None",
            "extraordinaryItems": "0",
            "nonRecurring": "1000000",
            "otherItems": "0",
            "incomeTaxExpense": "579000000",
            "totalOtherIncomeExpense": "-2256000000",
            "discontinuedOperations": "0",
            "netIncomeFromContinuingOperations": "1931000000",
            "netIncomeApplicableToCommonShares": "1931000000",
            "preferredStockAndOtherAdjustments": "None"
        },
        {
            "fiscalDateEnding": "2016-06-30",
            "reportedCurrency": "USD",
            "totalRevenue": "3630000000",
            "totalOperatingExpense": "3202000000",
            "costOfRevenue": "1053000000",
            "grossProfit": "3630000000",
            "ebit": "553000000",
            "netIncome": "412000000",
            "researchAndDevelopment": "0",
            "effectOfAccountingCharges": "0",
            "incomeBeforeTax": "422000000",
            "minorityInterest": "0",
            "sellingGeneralAdministrative": "3082000000",
            "otherNonOperatingIncome": "125000000",
            "operatingIncome": "428000000",
            "otherOperatingExpense": "120000000",
            "interestExpense": "131000000",
            "taxProvision": "None",
            "interestIncome": "None",
            "netInterestIncome": "None",
            "extraordinaryItems": "0",
            "nonRecurring": "1000000",
            "otherItems": "0",
            "incomeTaxExpense": "10000000",
            "totalOtherIncomeExpense": "244000000",
            "discontinuedOperations": "0",
            "netIncomeFromContinuingOperations": "412000000",
            "netIncomeApplicableToCommonShares": "412000000",
            "preferredStockAndOtherAdjustments": "None"
        },
        {
            "fiscalDateEnding": "2016-03-31",
            "reportedCurrency": "USD",
            "totalRevenue": "3626000000",
            "totalOperatingExpense": "1192000000",
            "costOfRevenue": "1070000000",
            "grossProfit": "3626000000",
            "ebit": "2573000000",
            "netIncome": "1707000000",
            "researchAndDevelopment": "0",
            "effectOfAccountingCharges": "0",
            "incomeBeforeTax": "2441000000",
            "minorityInterest": "0",
            "sellingGeneralAdministrative": "1071000000",
            "otherNonOperatingIncome": "139000000",
            "operatingIncome": "2434000000",
            "otherOperatingExpense": "121000000",
            "interestExpense": "132000000",
            "taxProvision": "None",
            "interestIncome": "None",
            "netInterestIncome": "None",
            "extraordinaryItems": "0",
            "nonRecurring": "0",
            "otherItems": "0",
            "incomeTaxExpense": "734000000",
            "totalOtherIncomeExpense": "0",
            "discontinuedOperations": "0",
            "netIncomeFromContinuingOperations": "1707000000",
            "netIncomeApplicableToCommonShares": "1707000000",
            "preferredStockAndOtherAdjustments": "None"
        },
        {
            "fiscalDateEnding": "2015-12-31",
            "reportedCurrency": "USD",
            "totalRevenue": "3565000000",
            "totalOperatingExpense": "1169000000",
            "costOfRevenue": "1049000000",
            "grossProfit": "3565000000",
            "ebit": "2668000000",
            "netIncome": "1941000000",
            "researchAndDevelopment": "0",
            "effectOfAccountingCharges": "0",
            "incomeBeforeTax": "2639000000",
            "minorityInterest": "0",
            "sellingGeneralAdministrative": "1049000000",
            "otherNonOperatingIncome": "272000000",
            "operatingIncome": "2396000000",
            "otherOperatingExpense": "120000000",
            "interestExpense": "29000000",
            "taxProvision": "None",
            "interestIncome": "None",
            "netInterestIncome": "None",
            "extraordinaryItems": "0",
            "nonRecurring": "0",
            "otherItems": "0",
            "incomeTaxExpense": "698000000",
            "totalOtherIncomeExpense": "0",
            "discontinuedOperations": "0",
            "netIncomeFromContinuingOperations": "1941000000",
            "netIncomeApplicableToCommonShares": "1941000000",
            "preferredStockAndOtherAdjustments": "None"
        },
        {
            "fiscalDateEnding": "2015-09-30",
            "reportedCurrency": "USD",
            "totalRevenue": "3571000000",
            "totalOperatingExpense": "1288000000",
            "costOfRevenue": "1158000000",
            "grossProfit": "3571000000",
            "ebit": "2283000000",
            "netIncome": "1512000000",
            "researchAndDevelopment": "0",
            "effectOfAccountingCharges": "0",
            "incomeBeforeTax": "2283000000",
            "minorityInterest": "0",
            "sellingGeneralAdministrative": "1169000000",
            "otherNonOperatingIncome": "None",
            "operatingIncome": "2283000000",
            "otherOperatingExpense": "119000000",
            "interestExpense": "-3000000",
            "taxProvision": "None",
            "interestIncome": "None",
            "netInterestIncome": "None",
            "extraordinaryItems": "0",
            "nonRecurring": "14000000",
            "otherItems": "0",
            "incomeTaxExpense": "771000000",
            "totalOtherIncomeExpense": "-83000000",
            "discontinuedOperations": "0",
            "netIncomeFromContinuingOperations": "1512000000",
            "netIncomeApplicableToCommonShares": "1512000000",
            "preferredStockAndOtherAdjustments": "None"
        },
        {
            "fiscalDateEnding": "2015-06-30",
            "reportedCurrency": "USD",
            "totalRevenue": "3518000000",
            "totalOperatingExpense": "1256000000",
            "costOfRevenue": "1126000000",
            "grossProfit": "3518000000",
            "ebit": "2168000000",
            "netIncome": "1697000000",
            "researchAndDevelopment": "0",
            "effectOfAccountingCharges": "0",
            "incomeBeforeTax": "2168000000",
            "minorityInterest": "0",
            "sellingGeneralAdministrative": "1126000000",
            "otherNonOperatingIncome": "-94000000",
            "operatingIncome": "2262000000",
            "otherOperatingExpense": "130000000",
            "interestExpense": "0",
            "taxProvision": "None",
            "interestIncome": "None",
            "netInterestIncome": "None",
            "extraordinaryItems": "0",
            "nonRecurring": "0",
            "otherItems": "0",
            "incomeTaxExpense": "471000000",
            "totalOtherIncomeExpense": "0",
            "discontinuedOperations": "0",
            "netIncomeFromContinuingOperations": "1697000000",
            "netIncomeApplicableToCommonShares": "1697000000",
            "preferredStockAndOtherAdjustments": "None"
        }
    ]
}