{
    "symbol": "VZ",
    "annualReports": [
        {
            "fiscalDateEnding": "2019-12-31",
            "reportedCurrency": "USD",
            "totalRevenue": "131868000000",
            "totalOperatingExpense": "46764000000",
            "costOfRevenue": "54726000000",
            "grossProfit": "77142000000",
            "ebit": "27463000000",
            "netIncome": "19265000000",
            "researchAndDevelopment": "None",
            "effectOfAccountingCharges": "None",
            "incomeBeforeTax": "22733000000",
            "minorityInterest": "523000000",
            "sellingGeneralAdministrative": "29896000000",
            "otherNonOperatingIncome": "-2915000000",
            "operatingIncome": "30378000000",
            "otherOperatingExpense": "16682000000",
            "interestExpense": "4730000000",
            "taxProvision": "2945000000",
            "interestIncome": "121000000",
            "netInterestIncome": "-4609000000",
            "extraordinaryItems": "None",
            "nonRecurring": "186000000",
            "otherItems": "None",
            "incomeTaxExpense": "2945000000",
            "totalOtherIncomeExpense": "-3128000000",
            "discontinuedOperations": "None",
            "netIncomeFromContinuingOperations": "19788000000",
            "netIncomeApplicableToCommonShares": "19265000000",
            "preferredStockAndOtherAdjustments": "None"
        },
        {
            "fiscalDateEnding": "2018-12-31",
            "reportedCurrency": "USD",
            "totalRevenue": "130863000000",
            "totalOperatingExpense": "53077000000",
            "costOfRevenue": "55508000000",
            "grossProfit": "75355000000",
            "ebit": "24456000000",
            "netIncome": "15528000000",
            "researchAndDevelopment": "0",
            "effectOfAccountingCharges": "None",
            "incomeBeforeTax": "19623000000",
            "minorityInterest": "511000000",
            "sellingGeneralAdministrative": "31083000000",
            "otherNonOperatingIncome": "2178000000",
            "operatingIncome": "22278000000",
            "otherOperatingExpense": "17403000000",
            "interestExpense": "4833000000",
            "taxProvision": "3584000000",
            "interestIncome": "94000000",
            "netInterestIncome": "-4739000000",
            "extraordinaryItems": "None",
            "nonRecurring": "4591000000",
            "otherItems": "None",
            "incomeTaxExpense": "3584000000",
            "totalOtherIncomeExpense": "-2507000000",
            "discontinuedOperations": "None",
            "netIncomeFromContinuingOperations": "16039000000",
            "netIncomeApplicableToCommonShares": "15528000000",
            "preferredStockAndOtherAdjustments": "None"
        },
        {
            "fiscalDateEnding": "2017-12-31",
            "reportedCurrency": "USD",
            "totalRevenue": "126034000000",
            "totalOperatingExpense": "47064000000",
            "costOfRevenue": "51556000000",
            "grossProfit": "74478000000",
            "ebit": "25327000000",
            "netIncome": "30101000000",
            "researchAndDevelopment": "0",
            "effectOfAccountingCharges": "None",
            "incomeBeforeTax": "20594000000",
            "minorityInterest": "449000000",
            "sellingGeneralAdministrative": "30110000000",
            "otherNonOperatingIncome": "-2087000000",
            "operatingIncome": "27414000000",
            "otherOperatingExpense": "16954000000",
            "interestExpense": "4733000000",
            "taxProvision": "-9956000000",
            "interestIncome": "82000000",
            "netInterestIncome": "-4651000000",
            "extraordinaryItems": "16761000000",
            "nonRecurring": "None",
            "otherItems": "None",
            "incomeTaxExpense": "-9956000000",
            "totalOtherIncomeExpense": "-3943000000",
            "discontinuedOperations": "None",
            "netIncomeFromContinuingOperations": "30550000000",
            "netIncomeApplicableToCommonShares": "30101000000",
            "preferredStockAndOtherAdjustments": "None"
        },
        {
            "fiscalDateEnding": "2016-12-31",
            "reportedCurrency": "USD",
            "totalRevenue": "125980000000",
            "totalOperatingExpense": "47497000000",
            "costOfRevenue": "51424000000",
            "grossProfit": "74556000000",
            "ebit": "25362000000",
            "netIncome": "13127000000",
            "researchAndDevelopment": "0",
            "effectOfAccountingCharges": "None",
            "incomeBeforeTax": "20986000000",
            "minorityInterest": "481000000",
            "sellingGeneralAdministrative": "31569000000",
            "otherNonOperatingIncome": "-1697000000",
            "operatingIncome": "27059000000",
            "otherOperatingExpense": "15928000000",
            "interestExpense": "4376000000",
            "taxProvision": "7378000000",
            "interestIncome": "59000000",
            "netInterestIncome": "-4317000000",
            "extraordinaryItems": "None",
            "nonRecurring": "None",
            "otherItems": "None",
            "incomeTaxExpense": "7378000000",
            "totalOtherIncomeExpense": "-1756000000",
            "discontinuedOperations": "None",
            "netIncomeFromContinuingOperations": "13608000000",
            "netIncomeApplicableToCommonShares": "13127000000",
            "preferredStockAndOtherAdjustments": "None"
        },
        {
            "fiscalDateEnding": "2015-12-31",
            "reportedCurrency": "USD",
            "totalRevenue": "131620000000",
            "totalOperatingExpense": "46003000000",
            "costOfRevenue": "52557000000",
            "grossProfit": "79063000000",
            "ebit": "33160000000",
            "netIncome": "17879000000",
            "researchAndDevelopment": "0",
            "effectOfAccountingCharges": "None",
            "incomeBeforeTax": "28240000000",
            "minorityInterest": "496000000",
            "sellingGeneralAdministrative": "29986000000",
            "otherNonOperatingIncome": "100000000",
            "operatingIncome": "33060000000",
            "otherOperatingExpense": "16017000000",
            "interestExpense": "4920000000",
            "taxProvision": "9865000000",
            "interestIncome": "-4891000000",
            "netInterestIncome": "None",
            "extraordinaryItems": "None",
            "nonRecurring": "None",
            "otherItems": "None",
            "incomeTaxExpense": "9865000000",
            "totalOtherIncomeExpense": "-2310000000",
            "discontinuedOperations": "None",
            "netIncomeFromContinuingOperations": "18375000000",
            "netIncomeApplicableToCommonShares": "17879000000",
            "preferredStockAndOtherAdjustments": "None"
        }
    ],
    "quarterlyReports": [
        {
            "fiscalDateEnding": "2020-09-30",
            "reportedCurrency": "USD",
            "totalRevenue": "31543000000",
            "totalOperatingExpense": "None",
            "costOfRevenue": "12334000000",
            "grossProfit": "19209000000",
            "ebit": "None",
            "netIncome": "4357000000",
            "researchAndDevelopment": "None",
            "effectOfAccountingCharges": "None",
            "incomeBeforeTax": "5851000000",
            "minorityInterest": "None",
            "sellingGeneralAdministrative": "7339000000",
            "otherNonOperatingIncome": "None",
            "operatingIncome": "7678000000",
            "otherOperatingExpense": "None",
            "interestExpense": "None",
            "taxProvision": "1347000000",
            "interestIncome": "-1053000000",
            "netInterestIncome": "None",
            "extraordinaryItems": "None",
            "nonRecurring": "None",
            "otherItems": "None",
            "incomeTaxExpense": "None",
            "totalOtherIncomeExpense": "None",
            "discontinuedOperations": "None",
            "netIncomeFromContinuingOperations": "None",
            "netIncomeApplicableToCommonShares": "4357000000",
            "preferredStockAndOtherAdjustments": "None"
        },
        {
            "fiscalDateEnding": "2020-06-30",
            "reportedCurrency": "USD",
            "totalRevenue": "30447000000",
            "totalOperatingExpense": "11337000000",
            "costOfRevenue": "11749000000",
            "grossProfit": "18698000000",
            "ebit": "7276000000",
            "netIncome": "4700000000",
            "researchAndDevelopment": "None",
            "effectOfAccountingCharges": "None",
            "incomeBeforeTax": "6187000000",
            "minorityInterest": "139000000",
            "sellingGeneralAdministrative": "7156000000",
            "otherNonOperatingIncome": "-85000000",
            "operatingIncome": "7361000000",
            "otherOperatingExpense": "4181000000",
            "interestExpense": "1089000000",
            "taxProvision": "1348000000",
            "interestIncome": "16000000",
            "netInterestIncome": "-1073000000",
            "extraordinaryItems": "None",
            "nonRecurring": "None",
            "otherItems": "None",
            "incomeTaxExpense": "1348000000",
            "totalOtherIncomeExpense": "-101000000",
            "discontinuedOperations": "None",
            "netIncomeFromContinuingOperations": "4839000000",
            "netIncomeApplicableToCommonShares": "4700000000",
            "preferredStockAndOtherAdjustments": "None"
        },
        {
            "fiscalDateEnding": "2020-03-31",
            "reportedCurrency": "USD",
            "totalRevenue": "31610000000",
            "totalOperatingExpense": "12735000000",
            "costOfRevenue": "12296000000",
            "grossProfit": "19314000000",
            "ebit": "6710000000",
            "netIncome": "4156000000",
            "researchAndDevelopment": "None",
            "effectOfAccountingCharges": "None",
            "incomeBeforeTax": "5676000000",
            "minorityInterest": "131000000",
            "sellingGeneralAdministrative": "8585000000",
            "otherNonOperatingIncome": "131000000",
            "operatingIncome": "6579000000",
            "otherOperatingExpense": "4150000000",
            "interestExpense": "1034000000",
            "taxProvision": "1389000000",
            "interestIncome": "20000000",
            "netInterestIncome": "-1014000000",
            "extraordinaryItems": "None",
            "nonRecurring": "None",
            "otherItems": "None",
            "incomeTaxExpense": "1389000000",
            "totalOtherIncomeExpense": "111000000",
            "discontinuedOperations": "None",
            "netIncomeFromContinuingOperations": "4287000000",
            "netIncomeApplicableToCommonShares": "4156000000",
            "preferredStockAndOtherAdjustments": "None"
        },
        {
            "fiscalDateEnding": "2019-12-31",
            "reportedCurrency": "USD",
            "totalRevenue": "66846000000",
            "totalOperatingExpense": "24005000000",
            "costOfRevenue": "28352000000",
            "grossProfit": "38494000000",
            "ebit": "11396000000",
            "netIncome": "9039000000",
            "researchAndDevelopment": "None",
            "effectOfAccountingCharges": "None",
            "incomeBeforeTax": "9022000000",
            "minorityInterest": "252000000",
            "sellingGeneralAdministrative": "15482000000",
            "otherNonOperatingIncome": "-3093000000",
            "operatingIncome": "14489000000",
            "otherOperatingExpense": "8337000000",
            "interestExpense": "2374000000",
            "taxProvision": "-1505000000",
            "interestIncome": "27000000",
            "netInterestIncome": "-1132000000",
            "extraordinaryItems": "None",
            "nonRecurring": "186000000",
            "otherItems": "None",
            "incomeTaxExpense": "-269000000",
            "totalOtherIncomeExpense": "-1887000000",
            "discontinuedOperations": "None",
            "netIncomeFromContinuingOperations": "9291000000",
            "netIncomeApplicableToCommonShares": "9039000000",
            "preferredStockAndOtherAdjustments": "None"
        },
        {
            "fiscalDateEnding": "2019-09-30",
            "reportedCurrency": "USD",
            "totalRevenue": "32894000000",
            "totalOperatingExpense": "11330000000",
            "costOfRevenue": "13384000000",
            "grossProfit": "19510000000",
            "ebit": "8069000000",
            "netIncome": "5194000000",
            "researchAndDevelopment": "None",
            "effectOfAccountingCharges": "None",
            "incomeBeforeTax": "6923000000",
            "minorityInterest": "143000000",
            "sellingGeneralAdministrative": "7216000000",
            "otherNonOperatingIncome": "-111000000",
            "operatingIncome": "8180000000",
            "otherOperatingExpense": "4114000000",
            "interestExpense": "1146000000",
            "taxProvision": "1586000000",
            "interestIncome": "34000000",
            "netInterestIncome": "-1112000000",
            "extraordinaryItems": "None",
            "nonRecurring": "None",
            "otherItems": "None",
            "incomeTaxExpense": "1586000000",
            "totalOtherIncomeExpense": "-145000000",
            "discontinuedOperations": "None",
            "netIncomeFromContinuingOperations": "5337000000",
            "netIncomeApplicableToCommonShares": "5194000000",
            "preferredStockAndOtherAdjustments": "None"
        },
        {
            "fiscalDateEnding": "2019-06-30",
            "reportedCurrency": "USD",
            "totalRevenue": "32071000000",
            "totalOperatingExpense": "24221000000",
            "costOfRevenue": "12721000000",
            "grossProfit": "19350000000",
            "ebit": "10757000000",
            "netIncome": "3944000000",
            "researchAndDevelopment": "None",
            "effectOfAccountingCharges": "None",
            "incomeBeforeTax": "5310000000",
            "minorityInterest": "1365000000",
            "sellingGeneralAdministrative": "7268000000",
            "otherNonOperatingIncome": "None",
            "operatingIncome": "6306000000",
            "otherOperatingExpense": "None",
            "interestExpense": "1215000000",
            "taxProvision": "1236000000",
            "interestIncome": "-1197000000",
            "netInterestIncome": "-1184000000",
            "extraordinaryItems": "None",
            "nonRecurring": "None",
            "otherItems": "None",
            "incomeTaxExpense": "1236000000",
            "totalOtherIncomeExpense": "-1356000000",
            "discontinuedOperations": "None",
            "netIncomeFromContinuingOperations": "4074000000",
            "netIncomeApplicableToCommonShares": "3944000000",
            "preferredStockAndOtherAdjustments": "None"
        },
        {
            "fiscalDateEnding": "2019-03-31",
            "reportedCurrency": "USD",
            "totalRevenue": "32128000000",
            "totalOperatingExpense": "11429000000",
            "costOfRevenue": "12990000000",
            "grossProfit": "19138000000",
            "ebit": "7998000000",
            "netIncome": "5032000000",
            "researchAndDevelopment": "None",
            "effectOfAccountingCharges": "None",
            "incomeBeforeTax": "6788000000",
            "minorityInterest": "128000000",
            "sellingGeneralAdministrative": "7198000000",
            "otherNonOperatingIncome": "289000000",
            "operatingIncome": "7709000000",
            "otherOperatingExpense": "4231000000",
            "interestExpense": "1210000000",
            "taxProvision": "1628000000",
            "interestIncome": "29000000",
            "netInterestIncome": "-1181000000",
            "extraordinaryItems": "None",
            "nonRecurring": "None",
            "otherItems": "None",
            "incomeTaxExpense": "1628000000",
            "totalOtherIncomeExpense": "260000000",
            "discontinuedOperations": "None",
            "netIncomeFromContinuingOperations": "5160000000",
            "netIncomeApplicableToCommonShares": "5032000000",
            "preferredStockAndOtherAdjustments": "None"
        },
        {
            "fiscalDateEnding": "2018-12-31",
            "reportedCurrency": "USD",
            "totalRevenue": "34281000000",
            "totalOperatingExpense": "18353000000",
            "costOfRevenue": "15291000000",
            "grossProfit": "18990000000",
            "ebit": "2566000000",
            "netIncome": "1939000000",
            "researchAndDevelopment": "0",
            "effectOfAccountingCharges": "0",
            "incomeBeforeTax": "1367000000",
            "minorityInterest": "126000000",
            "sellingGeneralAdministrative": "9410000000",
            "otherNonOperatingIncome": "1929000000",
            "operatingIncome": "637000000",
            "otherOperatingExpense": "4352000000",
            "interestExpense": "1199000000",
            "taxProvision": "None",
            "interestIncome": "None",
            "netInterestIncome": "None",
            "extraordinaryItems": "0",
            "nonRecurring": "4591000000",
            "otherItems": "0",
            "incomeTaxExpense": "-698000000",
            "totalOtherIncomeExpense": "-5986000000",
            "discontinuedOperations": "0",
            "netIncomeFromContinuingOperations": "2065000000",
            "netIncomeApplicableToCommonShares": "1939000000",
            "preferredStockAndOtherAdjustments": "None"
        },
        {
            "fiscalDateEnding": "2018-09-30",
            "reportedCurrency": "USD",
            "totalRevenue": "32607000000",
            "totalOperatingExpense": "11601000000",
            "costOfRevenue": "13331000000",
            "grossProfit": "19276000000",
            "ebit": "7886000000",
            "netIncome": "4924000000",
            "researchAndDevelopment": "0",
            "effectOfAccountingCharges": "0",
            "incomeBeforeTax": "6675000000",
            "minorityInterest": "138000000",
            "sellingGeneralAdministrative": "7224000000",
            "otherNonOperatingIncome": "211000000",
            "operatingIncome": "7675000000",
            "otherOperatingExpense": "4377000000",
            "interestExpense": "1211000000",
            "taxProvision": "None",
            "interestIncome": "None",
            "netInterestIncome": "None",
            "extraordinaryItems": "0",
            "nonRecurring": "0",
            "otherItems": "0",
            "incomeTaxExpense": "1613000000",
            "totalOtherIncomeExpense": "-1371000000",
            "discontinuedOperations": "0",
            "netIncomeFromContinuingOperations": "5062000000",
            "netIncomeApplicableToCommonShares": "4924000000",
            "preferredStockAndOtherAdjustments": "None"
        },
        {
            "fiscalDateEnding": "2018-06-30",
            "reportedCurrency": "USD",
            "totalRevenue": "32203000000",
            "totalOperatingExpense": "11955000000",
            "costOfRevenue": "13631000000",
            "grossProfit": "18572000000",
            "ebit": "6749000000",
            "netIncome": "4120000000",
            "researchAndDevelopment": "0",
            "effectOfAccountingCharges": "0",
            "incomeBeforeTax": "5527000000",
            "minorityInterest": "126000000",
            "sellingGeneralAdministrative": "7605000000",
            "otherNonOperatingIncome": "132000000",
            "operatingIncome": "6617000000",
            "otherOperatingExpense": "4350000000",
            "interestExpense": "1222000000",
            "taxProvision": "None",
            "interestIncome": "None",
            "netInterestIncome": "None",
            "extraordinaryItems": "0",
            "nonRecurring": "0",
            "otherItems": "0",
            "incomeTaxExpense": "1281000000",
            "totalOtherIncomeExpense": "-2254000000",
            "discontinuedOperations": "0",
            "netIncomeFromContinuingOperations": "4246000000",
            "netIncomeApplicableToCommonShares": "4120000000",
            "preferredStockAndOtherAdjustments": "None"
        },
        {
            "fiscalDateEnding": "2018-03-31",
            "reportedCurrency": "USD",
            "totalRevenue": "31772000000",
            "totalOperatingExpense": "11168000000",
            "costOfRevenue": "13255000000",
            "grossProfit": "18517000000",
            "ebit": "7255000000",
            "netIncome": "4545000000",
            "researchAndDevelopment": "0",
            "effectOfAccountingCharges": "0",
            "incomeBeforeTax": "6054000000",
            "minorityInterest": "121000000",
            "sellingGeneralAdministrative": "6844000000",
            "otherNonOperatingIncome": "-94000000",
            "operatingIncome": "7349000000",
            "otherOperatingExpense": "4324000000",
            "interestExpense": "1201000000",
            "taxProvision": "None",
            "interestIncome": "None",
            "netInterestIncome": "None",
            "extraordinaryItems": "0",
            "nonRecurring": "0",
            "otherItems": "0",
            "incomeTaxExpense": "1388000000",
            "totalOtherIncomeExpense": "-1402000000",
            "discontinuedOperations": "0",
            "netIncomeFromContinuingOperations": "4666000000",
            "netIncomeApplicableToCommonShares": "4545000000",
            "preferredStockAndOtherAdjustments": "None"
        },
        {
            "fiscalDateEnding": "2017-12-31",
            "reportedCurrency": "USD",
            "totalRevenue": "33955000000",
            "totalOperatingExpense": "137029000000",
            "costOfRevenue": "15004000000",
            "grossProfit": "73142000000",
            "ebit": "29990000000",
            "netIncome": "18669000000",
            "researchAndDevelopment": "0",
            "effectOfAccountingCharges": "0",
            "incomeBeforeTax": "2934000000",
            "minorityInterest": "114000000",
            "sellingGeneralAdministrative": "9090000000",
            "otherNonOperatingIncome": "None",
            "operatingIncome": "5629000000",
            "otherOperatingExpense": "13006000000",
            "interestExpense": "1381000000",
            "taxProvision": "None",
            "interestIncome": "None",
            "netInterestIncome": "None",
            "extraordinaryItems": "0",
            "nonRecurring": "0",
            "otherItems": "0",
            "incomeTaxExpense": "-11731000000",
            "totalOtherIncomeExpense": "-7719000000",
            "discontinuedOperations": "0",
            "netIncomeFromContinuingOperations": "29961000000",
            "netIncomeApplicableToCommonShares": "18669000000",
            "preferredStockAndOtherAdjustments": "None"
        },
        {
            "fiscalDateEnding": "2017-09-30",
            "reportedCurrency": "USD",
            "totalRevenue": "31717000000",
            "totalOperatingExpense": "11904000000",
            "costOfRevenue": "12605000000",
            "grossProfit": "19112000000",
            "ebit": "6675000000",
            "netIncome": "3620000000",
            "researchAndDevelopment": "0",
            "effectOfAccountingCharges": "0",
            "incomeBeforeTax": "5511000000",
            "minorityInterest": "116000000",
            "sellingGeneralAdministrative": "7632000000",
            "otherNonOperatingIncome": "-533000000",
            "operatingIncome": "7208000000",
            "otherOperatingExpense": "4272000000",
            "interestExpense": "1164000000",
            "taxProvision": "None",
            "interestIncome": "None",
            "netInterestIncome": "None",
            "extraordinaryItems": "0",
            "nonRecurring": "0",
            "otherItems": "0",
            "incomeTaxExpense": "1775000000",
            "totalOtherIncomeExpense": "0",
            "discontinuedOperations": "0",
            "netIncomeFromContinuingOperations": "3736000000",
            "netIncomeApplicableToCommonShares": "3620000000",
            "preferredStockAndOtherAdjustments": "None"
        },
        {
            "fiscalDateEnding": "2017-06-30",
            "reportedCurrency": "USD",
            "totalRevenue": "30548000000",
            "totalOperatingExpense": "10206000000",
            "costOfRevenue": "12110000000",
            "grossProfit": "18438000000",
            "ebit": "8185000000",
            "netIncome": "4362000000",
            "researchAndDevelopment": "0",
            "effectOfAccountingCharges": "0",
            "incomeBeforeTax": "6967000000",
            "minorityInterest": "116000000",
            "sellingGeneralAdministrative": "6039000000",
            "otherNonOperatingIncome": "-47000000",
            "operatingIncome": "8232000000",
            "otherOperatingExpense": "4167000000",
            "interestExpense": "1218000000",
            "taxProvision": "None",
            "interestIncome": "None",
            "netInterestIncome": "None",
            "extraordinaryItems": "0",
            "nonRecurring": "0",
            "otherItems": "0",
            "incomeTaxExpense": "2489000000",
            "totalOtherIncomeExpense": "0",
            "discontinuedOperations": "0",
            "netIncomeFromContinuingOperations": "4478000000",
            "netIncomeApplicableToCommonShares": "4362000000",
            "preferredStockAndOtherAdjustments": "None"
        },
        {
            "fiscalDateEnding": "2017-03-31",
            "reportedCurrency": "USD",
            "totalRevenue": "29814000000",
            "totalOperatingExpense": "10967000000",
            "costOfRevenue": "11666000000",
            "grossProfit": "18148000000",
            "ebit": "6314000000",
            "netIncome": "3450000000",
            "researchAndDevelopment": "0",
            "effectOfAccountingCharges": "0",
            "incomeBeforeTax": "5182000000",
            "minorityInterest": "103000000",
            "sellingGeneralAdministrative": "6908000000",
            "otherNonOperatingIncome": "-867000000",
            "operatingIncome": "7181000000",
            "otherOperatingExpense": "4059000000",
            "interestExpense": "1132000000",
            "taxProvision": "None",
            "interestIncome": "None",
            "netInterestIncome": "None",
            "extraordinaryItems": "0",
            "nonRecurring": "0",
            "otherItems": "0",
            "incomeTaxExpense": "1629000000",
            "totalOtherIncomeExpense": "0",
            "discontinuedOperations": "0",
            "netIncomeFromContinuingOperations": "3553000000",
            "netIncomeApplicableToCommonShares": "3450000000",
            "preferredStockAndOtherAdjustments": "None"
        },
        {
            "fiscalDateEnding": "2016-12-31",
            "reportedCurrency": "USD",
            "totalRevenue": "32340000000",
            "totalOperatingExpense": "101144000000",
            "costOfRevenue": "14362000000",
            "grossProfit": "73279000000",
            "ebit": "26346000000",
            "netIncome": "4495000000",
            "researchAndDevelopment": "0",
            "effectOfAccountingCharges": "0",
            "incomeBeforeTax": "6949000000",
            "minorityInterest": "105000000",
            "sellingGeneralAdministrative": "5968000000",
            "otherNonOperatingIncome": "None",
            "operatingIncome": "8023000000",
            "otherOperatingExpense": "23932000000",
            "interestExpense": "1310000000",
            "taxProvision": "None",
            "interestIncome": "None",
            "netInterestIncome": "None",
            "extraordinaryItems": "0",
            "nonRecurring": "0",
            "otherItems": "0",
            "incomeTaxExpense": "2349000000",
            "totalOtherIncomeExpense": "-3850000000",
            "discontinuedOperations": "0",
            "netIncomeFromContinuingOperations": "12057000000",
            "netIncomeApplicableToCommonShares": "4495000000",
            "preferredStockAndOtherAdjustments": "None"
        },
        {
            "fiscalDateEnding": "2016-09-30",
            "reportedCurrency": "USD",
            "totalRevenue": "30937000000",
            "totalOperatingExpense": "12168000000",
            "costOfRevenue": "12229000000",
            "grossProfit": "18708000000",
            "ebit": "6614000000",
            "netIncome": "3620000000",
            "researchAndDevelopment": "0",
            "effectOfAccountingCharges": "0",
            "incomeBeforeTax": "5576000000",
            "minorityInterest": "127000000",
            "sellingGeneralAdministrative": "8226000000",
            "otherNonOperatingIncome": "74000000",
            "operatingIncome": "6540000000",
            "otherOperatingExpense": "3942000000",
            "interestExpense": "1038000000",
            "taxProvision": "None",
            "interestIncome": "None",
            "netInterestIncome": "None",
            "extraordinaryItems": "0",
            "nonRecurring": "0",
            "otherItems": "0",
            "incomeTaxExpense": "1829000000",
            "totalOtherIncomeExpense": "0",
            "discontinuedOperations": "0",
            "netIncomeFromContinuingOperations": "3747000000",
            "netIncomeApplicableToCommonShares": "3620000000",
            "preferredStockAndOtherAdjustments": "None"
        },
        {
            "fiscalDateEnding": "2016-06-30",
            "reportedCurrency": "USD",
            "totalRevenue": "30532000000",
            "totalOperatingExpense": "13757000000",
            "costOfRevenue": "12221000000",
            "grossProfit": "18311000000",
            "ebit": "2708000000",
            "netIncome": "702000000",
            "researchAndDevelopment": "0",
            "effectOfAccountingCharges": "0",
            "incomeBeforeTax": "1695000000",
            "minorityInterest": "129000000",
            "sellingGeneralAdministrative": "9775000000",
            "otherNonOperatingIncome": "-1846000000",
            "operatingIncome": "4554000000",
            "otherOperatingExpense": "3982000000",
            "interestExpense": "1013000000",
            "taxProvision": "None",
            "interestIncome": "None",
            "netInterestIncome": "None",
            "extraordinaryItems": "0",
            "nonRecurring": "0",
            "otherItems": "0",
            "incomeTaxExpense": "864000000",
            "totalOtherIncomeExpense": "0",
            "discontinuedOperations": "0",
            "netIncomeFromContinuingOperations": "831000000",
            "netIncomeApplicableToCommonShares": "702000000",
            "preferredStockAndOtherAdjustments": "None"
        },
        {
            "fiscalDateEnding": "2016-03-31",
            "reportedCurrency": "USD",
            "totalRevenue": "32171000000",
            "totalOperatingExpense": "11617000000",
            "costOfRevenue": "12612000000",
            "grossProfit": "19559000000",
            "ebit": "7954000000",
            "netIncome": "4310000000",
            "researchAndDevelopment": "0",
            "effectOfAccountingCharges": "0",
            "incomeBeforeTax": "6766000000",
            "minorityInterest": "120000000",
            "sellingGeneralAdministrative": "7600000000",
            "otherNonOperatingIncome": "12000000",
            "operatingIncome": "7942000000",
            "otherOperatingExpense": "4017000000",
            "interestExpense": "1188000000",
            "taxProvision": "None",
            "interestIncome": "None",
            "netInterestIncome": "None",
            "extraordinaryItems": "0",
            "nonRecurring": "0",
            "otherItems": "0",
            "incomeTaxExpense": "2336000000",
            "totalOtherIncomeExpense": "0",
            "discontinuedOperations": "0",
            "netIncomeFromContinuingOperations": "4430000000",
            "netIncomeApplicableToCommonShares": "4310000000",
            "preferredStockAndOtherAdjustments": "None"
        },
        {
            "fiscalDateEnding": "2015-12-31",
            "reportedCurrency": "USD",
            "totalRevenue": "34254000000",
            "totalOperatingExpense": "101070000000",
            "costOfRevenue": "14707000000",
            "grossProfit": "79063000000",
            "ebit": "30550000000",
            "netIncome": "5391000000",
            "researchAndDevelopment": "0",
            "effectOfAccountingCharges": "0",
            "incomeBeforeTax": "8578000000",
            "minorityInterest": "122000000",
            "sellingGeneralAdministrative": "5764000000",
            "otherNonOperatingIncome": "None",
            "operatingIncome": "9744000000",
            "otherOperatingExpense": "16017000000",
            "interestExpense": "1357000000",
            "taxProvision": "None",
            "interestIncome": "None",
            "netInterestIncome": "None",
            "extraordinaryItems": "0",
            "nonRecurring": "0",
            "otherItems": "0",
            "incomeTaxExpense": "3065000000",
            "totalOtherIncomeExpense": "-2310000000",
            "discontinuedOperations": "0",
            "netIncomeFromContinuingOperations": "18375000000",
            "netIncomeApplicableToCommonShares": "5391000000",
            "preferredStockAndOtherAdjustments": "None"
        },
        {
            "fiscalDateEnding": "2015-09-30",
            "reportedCurrency": "USD",
            "totalRevenue": "33158000000",
            "totalOperatingExpense": "12318000000",
            "costOfRevenue": "13305000000",
            "grossProfit": "19853000000",
            "ebit": "7568000000",
            "netIncome": "4038000000",
            "researchAndDevelopment": "0",
            "effectOfAccountingCharges": "0",
            "incomeBeforeTax": "6366000000",
            "minorityInterest": "133000000",
            "sellingGeneralAdministrative": "8309000000",
            "otherNonOperatingIncome": "33000000",
            "operatingIncome": "7535000000",
            "otherOperatingExpense": "4009000000",
            "interestExpense": "1202000000",
            "taxProvision": "None",
            "interestIncome": "None",
            "netInterestIncome": "None",
            "extraordinaryItems": "0",
            "nonRecurring": "0",
            "otherItems": "0",
            "incomeTaxExpense": "2195000000",
            "totalOtherIncomeExpense": "0",
            "discontinuedOperations": "0",
            "netIncomeFromContinuingOperations": "4171000000",
            "netIncomeApplicableToCommonShares": "4038000000",
            "preferredStockAndOtherAdjustments": "None"
        }
    ]
}